3720 4920
574 345 622 400 De
639 344 816 400 montibus
832 342 916 400 Sina
932 345 968 400 st
984 343 1067 400 Sion
1089 361 1112 401 c.
1130 345 1243 401 10-14.
1415 348 1478 415 117

335 511 399 566 tum
413 520 444 565 se
471 502 585 574 uideat,
611 504 695 579 patet
710 501 741 562 in
755 500 815 564 fflic
829 505 860 564 et
874 501 953 563 tilius
968 501 1000 562 in
1019 504 1102 578 patre
1129 504 1266 578 utusque
1294 519 1325 564 se
1339 503 1370 564 in
1385 521 1416 566 ae
1432 503 1479 566 ui·

335 609 421 668 dent:
452 607 515 666 ideo
547 606 682 680 speculas
712 603 918 666 inmaculatus.
951 623 1020 666 nam
1046 607 1078 665 et
1101 621 1155 665 nes
1182 606 1232 680 qui
1262 606 1307 665 illi
1336 606 1479 666 credimus

335 709 483 770 christum
498 708 530 768 in
556 708 639 768 nubis
666 709 813 781 tamqnam
828 705 859 767 in
881 707 999 783 speculo
1024 706 1156 767 uidemus
1170 707 1233 783 ipse
1248 725 1302 769 nos
1316 708 1479 769 insmuente

335 814 366 872 et
380 813 513 873 monente
528 811 559 870 iu
586 809 712 885 epistula
733 809 873 871 Iohannis
899 811 1036 885 discipuli
1059 811 1106 870 sui
1122 811 1159 870 ad
1173 811 1326 885 populum:
1350 811 1406 871 ita
1427 827 1479 871 me

312 912 371 974 ein
405 912 513 974 uubis
548 913 686 986 uidete,
720 912 895 986 quomodo
928 911 1013 987 quis
1045 915 1210 973 uestrum
1243 929 1281 973 se
1315 913 1419 974 uidet
1440 913 1479 973 in

334 1032 461 1090 aquam
477 1015 592 1074 autin
608 1013 810 1088 speculum,
825 1015 855 1072 et
867 1008 1049 1073 confirmauit
1060 1013 1269 1076 Salomonicum
1280 1015 1387 1076 dictum
1399 1018 1434 1077 de
1446 1031 1478 1076 se

271 1098 274 1111 ¹
334 1117 495 1178 dicentem:
522 1118 604 1191 quis
625 1119 685 1176 est
706 1114 886 1189 speculas
908 1114 1169 1176 immaculatus
1190 1118 1322 1192 patris.

377 1219 452 1279 Vero
478 1219 567 1279 etiam
582 1221 611 1278 et
634 1218 726 1278 uitem
740 1234 837 1278 ueram
853 1233 885 1277 se
899 1232 964 1277 esse
980 1217 1063 1290 dixit,
1079 1220 1192 1292 patrem
1207 1235 1291 1280 suum
1307 1219 1472 1294 agricolum.
1486 1221 1528 1282 14

334 1321 361 1380 si
376 1338 445 1396 ergo
461 1322 594 1381 christus
609 1320 680 1380 uitis
695 1323 835 1392 estuare,
861 1320 962 1394 utique
988 1323 1103 1380 constat
1116 1322 1186 1396 quia
1200 1324 1231 1382 et
1245 1339 1298 1382 nes
1313 1322 1363 1397 qui
1377 1322 1408 1380 iu
1422 1321 1474 1383 illo

298 1423 476 1482 aamefflmus
490 1424 521 1482 et
535 1421 631 1496 ipsum
645 1421 790 1480 induimus
805 1437 905 1481 sumus
920 1421 992 1481 uitis
1006 1438 1077 1482 uera
1091 1439 1165 1496 quae
1179 1426 1226 1483 eet
1236 1422 1271 1481 in
1281 1422 1367 1483 uinea
1380 1423 1474 1484 domi·

333 1525 408 1594 nica,
432 1529 463 1584 et
483 1524 617 1585 Christum
642 1527 742 1584 custos
757 1524 858 1584 uineae
873 1541 943 1585 suae
957 1524 1071 1587 dicente
1086 1526 1253 1587 Salcmcum
1276 1530 1476 1601 pesuerunt

332 1642 383 1685 me
413 1627 601 1687 custodem
623 1626 662 1686 in
690 1625 844 1686 uincam.
866 1626 1031 1687 insumimus
1060 1644 1128 1689 uero
1158 1629 1188 1687 in
1219 1645 1359 1689 conuersa
1388 1628 1475 1687 huius

332 1727 432 1787 mnndi
446 1728 477 1786 iu
492 1727 712 1788 similitudinem
736 1726 898 1801 spiritalem
913 1726 1077 1804 figuraliter
1101 1745 1167 1789 esse
1191 1729 1306 1790 niueam
1319 1730 1475 1791 habentem

332 1829 478 1889 deminum
494 1832 524 1890 et
538 1845 733 1902 possessorem
749 1845 842 1888 suum.
867 1846 935 1890 uero
949 1831 1079 1904 tempere
1101 1832 1212 1891 maturo
1227 1847 1315 1906 prope
1329 1831 1392 1890 dies
1406 1832 1473 1891 uin-

296 1931 492 1992 redemiarum
513 1935 625 2005 ponunt
646 1932 676 1990 in
699 1931 824 1992 mediam
847 1931 961 1991 uincam
976 1932 1125 1994 custodem
1139 1950 1259 2008 puerum
1273 1934 1305 1992 in
1320 1933 1378 1994 altc
1394 1932 1474 2007 ligne

291 2105 294 2109 ἡ
330 2032 425 2092 media
440 2034 525 2091 uinea
539 2033 648 2092 conflue
663 2035 693 2090 et
708 2032 739 2090 in
754 2048 787 2091 eo
802 2030 882 2106 ligno
898 2032 1011 2094 iaciunt
1023 2033 1173 2109 speculum
1185 2035 1357 2108 quadratum
1371 2035 1407 2093 de
1418 2035 1473 2093 ha·

329 2134 500 2193 rundinibus
516 2133 661 2206 quassatis
676 2136 706 2193 et
719 2150 771 2207 per
785 2133 903 2208 singula
916 2133 1011 2194 latera
1030 2137 1224 2209 quadraturas
1238 2135 1348 2209 speculi
1362 2134 1475 2194 iaciunt

330 2249 456 2294 cauerna
469 2236 563 2297 terna.
578 2250 652 2309 quae
666 2233 740 2294 flunt
754 2249 879 2294 cauerua
895 2234 1062 2296 duedecim:
1085 2251 1140 2312 per
1160 2254 1247 2312 quam
1268 2239 1474 2311 quadraturam

329 2352 517 2397 naumurum
532 2338 628 2396 custus
643 2351 716 2411 puer
726 2352 838 2396 emnem
855 2337 969 2397 musam
988 2338 1166 2413 perspiciens
1185 2338 1329 2399 custodiat
1344 2342 1474 2413 mutans,

291 2452 367 2496 acne
382 2437 478 2498 uiator
503 2437 667 2513 ingrediens
692 2436 808 2499 uincam
834 2438 1007 2501 dominicam
1033 2439 1090 2499 sibi
1117 2440 1300 2516 adsignatam
1325 2443 1411 2502 uexat
1426 2441 1473 2502 uel

397 2685 479 2740 4⁶2?
609 2686 708 2758 iSap.
726 2686 752 2752 7,
769 2685 813 2742 26.
941 2687 1125 2753 810.15,1.
1246 2689 1287 2744 ,11
1305 2689 1384 2747 Cant
1402 2692 1427 2757 1,
1446 2692 1472 2746 6.

399 2944 415 2996 1
432 2941 546 2997 uidebat
563 2941 599 2997 M
717 2944 796 3010 pater
812 2956 919 3011 quoque
935 2942 975 2997 M
1099 2945 1215 3013 utreque
1232 2943 1275 3009 M,
1293 2945 1402 3014 utrique
1419 2962 1437 3001 c

327 3027 403 3081 sein
422 3042 519 3082 saum.
539 3025 577 3080 M
705 3024 782 3081 uidet
800 3026 832 3093 Τ,
850 3026 975 3081 uidentes
993 3047 1014 3098 μ
1146 3028 1322 3098 2specnlum
1339 3030 1470 3086 immacu·

327 3112 451 3169 laturae
583 3114 602 3167 4
619 3111 654 3167 ad
671 3111 812 3183 populum]
831 3111 866 3167 ad
883 3113 995 3182 paulurn
1015 3114 1046 3178 T,
1065 3129 1156 3185 σηιμ
1289 3113 1467 3187 dqucmcdc]

326 3184 381 3267 qud
399 3219 419 3266 μ
511 3199 617 3267 daqua
634 3213 660 3252 a.
677 3197 697 3251 ‘a
716 3199 824 3267 speculo
840 3215 879 3268 μυ
967 3199 1108 3253 confirmat
1124 3216 1150 3263 c,
1167 3199 1382 3254 ecuuaflrmsuit
1399 3199 1440 3254 M

326 3280 359 3336 de
377 3298 406 3337 se
423 3282 528 3337 dietum
546 3283 585 3336 M
726 3282 742 3335 ‘1
760 3280 851 3337 diceus
868 3299 895 3347 v,
911 3281 1019 3338 dicente
1036 3283 1080 3348 M,
1097 3299 1149 3339 cera
1168 3303 1188 3353 μ
1332 3284 1380 3353 qu·
1397 3302 1435 3353 μυ

326 3367 465 3436 speculum
484 3366 690 3421 immaculatum
708 3383 725 3421 v
827 3367 846 3423 8
864 3380 959 3421 uerum
977 3384 1015 3437 μυ
1119 3369 1202 3423 uitem
1222 3370 1360 3423 aeternam
1377 3372 1435 3425 etc

324 3456 355 3508 ct
372 3456 479 3522 patrem
496 3473 517 3521 μ
633 3453 651 3508 9
668 3454 711 3507 eet
727 3468 792 3507 uera
809 3473 838 3520 μ,
855 3454 883 3508 et
901 3467 964 3508 nera
985 3454 1018 3519 Τ,
1035 3469 1099 3509 uera
1116 3455 1169 3510 Mc
1281 3453 1381 3522 ubique
1399 3456 1433 3522 μ’

326 3538 361 3592 10
378 3537 636 3594 uitisMa.l.m.2
709 3538 851 3594 inuddide'
932 3539 966 3594 11
983 3540 1130 3596 custusM
1197 3538 1302 3608 meae]
1319 3538 1435 3595 uitaeT

323 3622 459 3678 &centem
477 3623 641 3679 cuononem
659 3623 721 3680 MT
805 3624 839 3679 12
856 3626 937 3678 uinea
954 3640 992 3693 μυ
1078 3640 1221 3680 conuersus
1241 3625 1307 3694 Ta',
1326 3639 1467 3680 conuersus

324 3709 370 3772 M,
388 3709 592 3763 conuersatione
609 3727 627 3766 v
720 3709 1015 3780 13mundi1modi1'
1105 3710 1226 3779 spiritali
1247 3710 1310 3765 Tli
1327 3711 1360 3765 in
1375 3725 1431 3766 rue.

323 3793 358 3846 14
376 3795 621 3862 temperandae,
640 3811 734 3849 uerum
750 3798 872 3865 tempore
890 3815 910 3863 μ
1058 3797 1093 3850 15
1110 3810 1208 3863 ponam
1228 3796 1259 3860 Τ,
1278 3796 1397 3864 positum
1415 3813 1433 3852 e

323 3876 353 3931 in
371 3893 423 3933 ern.
437 3880 498 3934 MT
564 3880 654 3936 media
669 3881 750 3936 uinea
769 3900 798 3950 μ,
815 3880 960 3937 musana
1029 3878 1063 3935 16
1081 3881 1218 3951 speculam
1236 3879 1398 3949 quadratam
1415 3898 1433 3937 v

323 3962 368 4035 de]
386 3970 415 4018 et
433 3965 465 4020 dc
484 3968 521 4021 M
623 3968 656 4022 17
675 3969 704 4020 et
721 3981 774 4037 με.
786 3967 805 4021 1.
817 3969 887 4020 Μ
992 3965 1151 4034 speculaev
1261 3965 1330 4020 iacit
1347 3966 1430 4035 ΜΤμ

323 4049 358 4103 18
374 4065 502 4105 cauernaa
519 4053 611 4106 ternas
631 4068 668 4118 μυ
835 4051 913 4122 quae]
932 4055 980 4121 qni
999 4052 1025 4104 T
1190 4050 1273 4118 flunt]
1292 4050 1397 4106 iaciunt
1414 4069 1432 4108 e

321 4149 452 4189 cauernae
470 4154 508 4202 μυ
589 4137 623 4192 19
640 4151 815 4191 camenarum
833 4152 871 4206 μυ
959 4136 1035 4206 puer]
1054 4152 1101 4205 par
1119 4136 1146 4192 Τ
1225 4136 1379 4193 emtudisns
1396 4137 1433 4191 M

320 4223 418 4274 cautas
435 4221 473 4275 M
475 4222 520 4274 Ὗ·
