3720 4920
658 1037 710 1188 Ι(
734 1089 807 1186 ou
845 1085 1228 1187 sruounovme

842 1293 1049 1305 ——-

536 1413 742 1471 OYPRIANVS
759 1414 865 1468 PLEBI
882 1413 924 1468 IN
941 1412 1148 1469 svnnenfflo
1166 1412 1298 1468 STAN'I'I
1316 1412 1343 1468 S.

414 1586 463 1669 Vt
482 1623 528 1667 me
548 1607 621 1668 satis
640 1606 794 1668 contristat
818 1607 849 1666 et
863 1606 987 1666 animum
1014 1608 1145 1667 nostrum
1164 1606 1296 1682 grauiter
1315 1606 1423 1682 affligit
1447 1616 1540 1678 euml
1654 1657 1656 1663 ,

369 1711 453 1770 nulle
467 1709 540 1769 mihi
554 1709 699 1768 scribendi
714 1709 752 1767 ad
766 1726 819 1769 uos
832 1707 992 1783 porrigitur
1006 1708 1132 1781 occasio,
1154 1709 1356 1769 detrimentum
1376 1712 1421 1769 eet
1435 1708 1512 1769 enim

345 1827 465 1872 ameum
480 1809 626 1870 uobismm
642 1826 699 1868 non
710 1808 845 1883 colloqui,
861 1809 904 1867 ita
918 1810 993 1868 nihil
1008 1809 1080 1868 mihi
1095 1813 1206 1869 tantam
1222 1810 1365 1870 laetitiam
1381 1811 1514 1871 hilarita·
1633 1869 1635 1872 .

370 1915 486 1985 temque
506 1910 637 1974 restituit
657 1928 743 1983 quam
763 1928 828 1988 cnm
850 1912 932 1970 adest
952 1927 1052 1970 rursus
1074 1912 1195 1971 occasio.
1217 1912 1367 1971 uobiscum
1388 1928 1434 1970 me
1449 1927 1514 1971 esse

371 2012 505 2085 arbitror,
526 2029 591 2071 cum
611 2011 694 2072 uobis
714 2027 766 2085 per
780 2011 894 2071 litterae
908 2012 1019 2085 loquor.
1043 2029 1217 2086 quamquam
1231 2012 1323 2088 igitur
1336 2012 1380 2072 ita
1395 2028 1427 2073 se
1441 2013 1514 2073 haec

370 2116 476 2176 habers
487 2130 560 2188 quae
572 2115 635 2175 (lico
646 2115 741 2174 certos
752 2132 804 2174 uos
815 2130 877 2174 esse
892 2115 981 2174 sciam
990 2132 1043 2174 nec
1058 2115 1211 2189 quicquam
1219 2116 1254 2174 de
1269 2115 1419 2175 uerborum
1434 2131 1514 2176 meo-

369 2234 434 2275 rum
462 2216 586 2276 uentate
613 2215 760 2288 dubitare,
794 2218 892 2274 umen
912 2216 1000 2275 etiam
1025 2218 1226 2290 argumentum
1252 2216 1448 2277 sinceritatem
1469 2215 1514 2276 rei

332 2337 362 2378 no
371 2318 492 2378 asserit:
515 2335 583 2376 nam
597 2335 662 2377 cum
676 2316 757 2376 nulla
771 2332 888 2391 prorsus
903 2315 1078 2391 praeteritur
1092 2316 1219 2390 occasio,
1234 2319 1374 2391 probatur
1389 2317 1512 2379 affectio.

371 2421 504 2493 quamuis
519 2435 588 2494 ergo
602 2422 700 2480 certus
714 2418 769 2477 eim
784 2435 837 2479 uos
847 2435 904 2477 uon
916 2418 1011 2478 minue
1023 2435 1086 2478 esse
1098 2419 1129 2477 in
1144 2418 1221 2478 uitae
1233 2421 1300 2479 actu
1311 2436 1416 2492 muas
1428 2437 1514 2494 quam

368 2519 400 2580 iu
415 2524 594 2581 sacramento
610 2521 726 2580 fideles:
741 2522 847 2591 emen,
864 2519 997 2593 quoniam
1011 2536 1068 2579 non
1083 2520 1188 2578 desunt
1202 2519 1340 2580 uitiorum
1352 2524 1514 2582 assertores

368 2622 470 2682 blandi
485 2624 515 2681 et
528 2622 712 2696 indulgentes
728 2620 842 2698 patroni
857 2620 907 2694 qui
921 2621 1071 2696 praestant
1085 2621 1167 2680 uitiis
1181 2621 1381 2681 auctoritatem
1393 2625 1423 2682 et
1438 2623 1515 2698 quod

369 2725 415 2783 est
437 2723 564 2783 deterius
588 2740 737 2784 censuram
757 2724 964 2798 scripturarum
987 2721 1153 2781 caelestium
1174 2722 1204 2781 in
1225 2722 1438 2783 aduocationem
1453 2722 1513 2784 cri·

329 2826 478 2886 neminum
504 2830 684 2900 conuertunt,
708 2826 792 2901 quasi
811 2825 874 2886 sine
895 2826 981 2899 culpe
1001 2825 1137 2886 innocens
1156 2826 1384 2899 spectaculomm
1406 2827 1443 2886 ad
1463 2843 1512 2887 re-

370 2928 537 2989 missionem
552 2930 641 2988 animi
652 2931 808 3008 appetetur
822 2928 956 3001 uoluptas
967 2958 1011 2973 —
1021 2912 1088 2985 nam
1101 2930 1131 2987 et
1144 2943 1177 2988 eo
1192 2944 1284 3002 usque
1299 2931 1451 2989 sneruatus
1465 2931 1512 2990 est

368 3030 582 3092 ecclesiasticae
594 3029 765 3104 disciplinae
776 3031 860 3106 uigor
871 3031 900 3089 et
914 3029 957 3089 ita
967 3028 1045 3090 omni
1055 3029 1173 3104 lengum
1184 3029 1320 3089 uitiorum
1334 3031 1511 3105 praecipita·

367 3133 456 3192 turin
466 3133 549 3207 peius
560 3134 593 3193 ut
606 3150 664 3193 non
677 3131 734 3191 iam
749 3133 832 3192 uitiis
845 3132 991 3192 excusatio
1007 3131 1057 3191 esd
1072 3131 1230 3191 auctoritas
1245 3133 1329 3191 detur
1343 3133 1512 3206 -placuit

437 3365 540 3435 Incipit
558 3365 591 3420 de
607 3366 768 3436 spectaculis
785 3366 818 3431 Ζ,
835 3363 868 3417 ds
886 3364 1047 3432 spectaculis
1064 3384 1093 3431 μ,
1112 3379 1156 3418 om
1173 3379 1198 3417 r.
1218 3393 1251 3404 -
1351 3362 1369 3416 3
1386 3364 1511 3417 nostrum

367 3450 580 3520 rp,meano
687 3450 896 3505 4mihiorrur
1004 3448 1444 3516 onichilmioniZstemper

366 3535 385 3590 6
402 3551 484 3604 quam
502 3551 611 3605 quomr
627 3537 719 3605 (quom
730 3536 788 3605 'pro
801 3551 861 3590 cum
872 3536 998 3604 semper),
1017 3536 1122 3603 quante
1138 3534 1166 3589 Z
1231 3533 1286 3603 me]
1303 3534 1376 3588 euim
1393 3549 1437 3588 me
1454 3534 1483 3590 Ζ

367 3620 641 3690 luobis]nobiscnm
652 3622 685 3688 Ζ,
703 3623 739 3690 cs.
752 3620 959 3692 Aat.deRooy
971 3620 1067 3689 spicit
1080 3621 1140 3675 crit.
1153 3623 1222 3674 1771
1293 3618 1381 3688 igitur
1392 3635 1478 3690 ceap

367 3705 434 3760 haec
451 3723 480 3760 se
497 3705 597 3760 habeat
613 3722 656 3760 res
673 3722 755 3774 quam
773 3707 833 3762 dico
851 3710 883 3760 ut
900 3707 926 3760 Z
998 3704 1016 3759 8
1034 3720 1083 3759 uos
1100 3706 1186 3760 certos
1203 3724 1224 3775 μ
1294 3704 1439 3773 quisquam
1456 3705 1483 3760 Z

368 3807 489 3846 macrum
507 3792 650 3846 uerborum
668 3793 694 3846 Z
790 3790 950 3851 9dubitant
966 3791 994 3845 Ζ
1089 3789 1124 3844 10
1138 3777 1274 3859 pteritum
1292 3808 1330 3858 μ;
1348 3791 1515 3858 praeteritur

365 3878 473 3932 occasio
491 3893 536 3932 om
552 3894 569 3931 r
584 3879 617 3932 tn
633 3879 736 3932 lacem
817 3880 849 3933 11
868 3893 928 3931 snm
946 3897 966 3947 μ
1048 3876 1124 3930 uitas
1141 3877 1217 3945 ectu]
1234 3875 1315 3929 iustis
1333 3875 1441 3930 actibus
1453 3875 1480 3930 Ζ

369 3961 403 4016 13
419 3961 512 4032 uitiis]
530 3962 645 4033 flagitiis
662 3963 688 4018 Z
790 3967 819 4020 et
835 3980 888 4021 om.
905 3980 922 4018 r
1026 3961 1060 4017 14
1078 3961 1131 4031 est]
1150 3961 1189 4015 sit
1205 3977 1247 4032 rp
1357 3962 1517 4018 auocatione

366 4050 410 4115 μ’,
428 4047 630 4103 uocationemr
745 4050 780 4105 15
792 4051 957 4118 ¹conuertunt
973 4065 1010 4118 rp
1132 4048 1191 4101 sine
1207 4048 1287 4117 culpe
1303 4047 1373 4118 er,
1391 4048 1498 4103 sicnte

365 4133 435 4200 sort.
454 4133 638 4205 exposcenda
708 4135 741 4198 16
759 4136 886 4190 uoluntas
904 4136 949 4204 Ζμ
1027 4149 1090 4188 nam
1108 4133 1148 4202 et]
1166 4148 1256 4202 namq.
1273 4134 1300 4188 Ζ
1369 4132 1405 4191 18
1422 4132 1512 4203 psius]

365 4218 494 4287 poenisr
568 4219 624 4274 iam
641 4236 695 4275 non
712 4239 750 4291 μυ
825 4219 915 4292 uitiis]
933 4221 1043 4275 intuso·
1118 4218 1236 4289 daturp

1249 4311 1303 4369 μ
