3720 4920
526 351 571 404 Da
591 350 850 420 singularitate
867 350 1071 404 elericorum
1095 365 1117 402 c
1136 347 1248 402 11-13.
1391 352 1450 417 187

320 510 498 570 sustinentes
513 508 687 583 procellosos
701 508 848 581 maumas,
870 511 967 567 tumen
982 509 1008 568 si
1029 507 1118 569 alicui
1138 508 1221 570 tanta
1235 505 1339 565 fiducia
1353 509 1398 567 est
1413 506 1447 566 de

317 611 519 671 immobilitate
533 610 665 685 propriae
680 609 844 683 firmitatis,
860 609 958 670 saltim
975 608 1119 669 sollicitus
1133 608 1314 680 reformidet,
1336 625 1372 668 ue
1386 609 1448 682 ipse

317 714 357 772 sit
371 715 539 774 scandalum
555 713 666 772 nisibus
692 712 795 772 alienis
815 717 845 771 et
859 714 1003 772 terreatur
1018 728 1086 771 uoce
1102 711 1217 771 Domini
1231 710 1447 770 comminantis:

313 833 395 890 nae,
419 817 530 891 iuquit,
554 816 640 876 huic
661 818 792 874 mundo
814 817 857 875 ab
880 815 1088 876 senodalis:
1110 816 1362 874 uerumtamen
1383 830 1448 874 uae

292 919 453 979 shomini
486 918 549 977 illi
584 935 647 992 per
680 935 783 993 quoru
806 919 1026 979 scandalum
1049 919 1162 979 uenit.
1196 917 1222 977 si
1250 917 1304 976 has
1332 917 1446 978 Domini

312 1021 546 1081 comminationes
573 1021 707 1095 religioso
734 1022 817 1081 corde
831 1022 987 1081 metuimus
1002 1023 1032 1079 et
1046 1036 1225 1091 teneremur,
1248 1019 1313 1093 plus
1330 1020 1365 1078 de
1380 1019 1447 1079 aliis

311 1139 398 1195 qnam
411 1125 445 1184 de
463 1124 546 1184 nobis
562 1125 780 1185 extimescamus
796 1124 952 1198 pericnlum
967 1127 1116 1198 nostrum,
1139 1122 1188 1197 qui
1204 1121 1313 1182 mutuis
1327 1123 1365 1182 ab
1376 1139 1446 1197 apo-

310 1225 386 1285 stolo
401 1226 491 1285 Paulo
506 1226 683 1285 utilitatibus
698 1227 868 1300 obligamur.
900 1244 969 1286 non
998 1242 1089 1301 quae
1119 1241 1183 1283 sua
1205 1228 1308 1295 sunt,
1336 1225 1447 1298 iuquit,

312 1326 459 1401 singuli
482 1329 715 1401 cogitantes,
739 1329 801 1388 sed
822 1329 994 1389 aliorum.
1028 1333 1058 1389 et
1080 1330 1202 1391 iterum:
1232 1344 1332 1388 nemo
1355 1327 1449 1402 quod

275 1446 415 1490 rosoum
437 1429 498 1490 est
519 1433 676 1504 quaerat
696 1432 761 1490 sed
783 1432 874 1505 quod
896 1431 1072 1491 alterius.

358 1533 413 1591 Sed
428 1533 535 1607 aliquis
551 1533 691 1606 arripiens
707 1534 741 1591 de
757 1533 819 1606 ipso
835 1533 925 1592 Paulo
941 1535 1015 1606 quod
1031 1537 1165 1606 opponat,
1185 1533 1448 1605 unusquisque,
1460 1532 1500 1589 12

312 1633 423 1709 iuquit,
455 1637 628 1693 nostrum
657 1651 719 1709 pro
742 1634 987 1695 serationem
1020 1636 1151 1694 reddet
1180 1635 1253 1694 Deo
1282 1637 1318 1693 et
1338 1651 1447 1693 unus·

311 1737 473 1812 quisque
496 1754 595 1796 suam
617 1737 799 1797 sarcinam
828 1738 1008 1810 portabit.
1047 1738 1097 1811 qni
1127 1754 1184 1797 non
1212 1737 1276 1795 uult
1304 1725 1371 1811 ergo
1397 1753 1449 1810 pro

315 1838 408 1899 altero
431 1840 549 1899 reddere
565 1839 720 1911 rationem,
743 1855 797 1899 nec
811 1840 905 1899 causis
921 1839 984 1900 eins
998 1842 1050 1898 aut
1072 1839 1194 1914 negotiis
1208 1839 1293 1899 debet
1306 1840 1450 1913 particeps

276 1939 443 2000 reinlioitns
465 1941 620 2012 iuteresse,
652 1944 682 1999 et
709 1940 758 2013 qui
785 1941 858 2000 liber
883 1942 930 1999 uel
952 1941 1078 1999 inmunis
1100 1943 1176 2001 eirca
1196 1941 1323 1999 sarcinas
1338 1939 1446 1998 aliem

310 2043 429 2101 conatur
442 2042 580 2112 existere,
611 2041 684 2101 nihil
699 2042 824 2101 alienum
840 2043 983 2102 contraria
1004 2042 1168 2102 condicione
1190 2044 1288 2101 toneat
1308 2041 1383 2100 inira
1404 2057 1445 2100 se

310 2161 378 2203 narn
393 2160 510 2202 necesse
525 2146 571 2202 est
585 2144 690 2204 rationi
705 2145 825 2204 alterius
854 2146 1014 2204 subiciatur
1040 2146 1090 2218 qui
1104 2145 1251 2218 negotium
1277 2143 1447 2202 tractauerit

311 2244 447 2305 alienum.
478 2247 592 2318 oportet
617 2261 681 2304 eum
708 2248 810 2306 damno
837 2247 995 2321 perstringi
1022 2247 1069 2306 uel
1096 2246 1245 2320 dispendio
1260 2246 1444 2316 sarcinarum,

312 2348 386 2419 apud
404 2365 488 2422 quem
506 2347 559 2405 sub
575 2347 670 2406 intuta
684 2349 814 2408 custodia
837 2350 937 2408 fratris
953 2349 1083 2408 sarcinae
1098 2349 1260 2422 perierunt,
1283 2349 1350 2422 quia
1364 2346 1445 2420 quic-

273 2464 300 2505 so
310 2449 379 2522 quid
395 2449 425 2507 iu
448 2447 530 2508 domo
546 2451 645 2508 nostra
660 2451 714 2508 sub
728 2449 824 2509 minus
840 2450 942 2510 idonea
955 2450 1049 2510 tutela
1060 2449 1149 2511 inerit
1160 2452 1210 2509 aut
1220 2451 1347 2508 latrones
1361 2449 1445 2508 elire-

307 2551 420 2623 gerint,
436 2552 565 2610 nostrum
581 2554 627 2610 est
642 2553 671 2610 et
686 2569 704 2609 a
718 2551 800 2609 nobie
815 2551 941 2625 exigitur
953 2551 1089 2626 quioquid
1104 2568 1156 2625 per
1170 2552 1301 2611 inertiam
1312 2555 1440 2611 nostram

309 2652 383 2710 mule
398 2652 580 2711 commissum
601 2655 655 2710 est.
679 2655 749 2711 tuuc
774 2669 841 2711 uero
869 2654 905 2711 ab
921 2653 1041 2712 inuicem
1069 2652 1152 2711 libori
1179 2670 1294 2724 surmus,
1318 2653 1342 2711 si
1369 2653 1444 2711 uihil

307 2753 383 2825 apud
398 2769 451 2811 nos
467 2753 502 2810 de
517 2769 549 2811 re
564 2752 684 2812 alterius
700 2755 871 2812 resernotur.

352 2854 488 2914 Forsitan
503 2853 609 2927 aliquis
624 2854 717 2913 dicat:
739 2842 819 2927 ‘ergo
836 2873 886 2915 neo
901 2857 936 2915 ad
959 2857 1072 2916 domurn
1088 2856 1225 2916 orationis
1245 2856 1379 2916 debemus
1394 2874 1445 2930 pa·
1457 2861 1497 2920 13

272 2954 379 3016 aeriter
394 2956 554 3025 conuenire,
571 2973 607 3015 ne
621 2956 726 3030 aliquis
741 2957 866 3030 aliquem
882 2944 1090 3017 scandalizett’
1113 2959 1274 3018 haereticae
1289 2959 1443 3032 professio·

306 3056 369 3116 onis
384 3062 431 3116 est
445 3059 503 3116 ista
518 3058 705 3118 ooutradictio
728 3058 903 3119 calumniosa
918 3077 991 3133 quae
1007 3061 1042 3119 do
1058 3060 1139 3120 bouis
1160 3060 1329 3135 praescribit
1343 3066 1376 3120 nt
1390 3063 1442 3121 ed·

375 3309 392 3361 4
410 3307 511 3361 Matth.
531 3308 571 3370 18,
591 3309 615 3361 7.
809 3311 826 3362 8
845 3310 917 3364 Phil.
935 3312 961 3374 2,
979 3312 1004 3365 4.
1196 3313 1244 3366 91
1264 3312 1321 3367 Cor.
1340 3315 1381 3378 10,
1399 3314 1442 3367 24.

308 3391 338 3443 11
359 3390 435 3444 Rom.
456 3391 498 3454 14,
517 3391 557 3444 12.

375 3631 516 3684 3uisibus
535 3647 570 3684 ec
587 3630 724 3687 usibusG
843 3638 871 3687 et
888 3635 996 3703 scripsi,
1015 3638 1039 3688 si
1058 3636 1102 3701 0¹,
1120 3637 1167 3691 sod
1188 3638 1240 3693 Οὐ
1343 3643 1442 3694 tenca-

306 3718 352 3768 tnr
371 3715 394 3770 O
410 3731 442 3768 ea
459 3731 530 3770 corr.
662 3732 753 3771 uocem
772 3717 805 3772 0¹
919 3725 1077 3775 oneremur
1096 3723 1237 3778 Pometiae
1339 3727 1442 3795 tiquae

306 3800 456 3855 aliorumo
573 3804 604 3855 11
624 3802 707 3870 aliqui
733 3803 765 3857 0·
881 3807 1013 3874 arripiens
1037 3807 1122 3862 Oons
1140 3811 1172 3863 in
1190 3825 1244 3863 ros.
1361 3827 1440 3880 oppo-
1505 3835 1514 3854 ·

305 3901 367 3939 nere
389 3886 423 3941 0¹
508 3886 546 3940 ,12
563 3889 684 3940 nostrum
704 3888 733 3951 G,
751 3892 906 3943 uestrnmo
988 3892 1038 3946 deo
1061 3893 1119 3947 Os.
1138 3894 1155 3948 l.
1173 3901 1244 3948 m.2
1331 3897 1364 3950 13
1382 3912 1440 3964 por-

305 3974 349 4023 tat
370 3972 404 4027 0¹
509 3971 542 4024 14
560 3971 617 4025 eius
640 3973 776 4027 Oseolus
794 3990 814 4026 a.
833 3975 851 4028 l.
869 3979 943 4029 Μ
1047 3983 1096 4030 aut
1114 3978 1143 4046 Ο,
1162 3995 1244 4034 neco
1347 3982 1380 4036 17
1399 3985 1440 4036 est

310 4057 340 4122 0,
357 4061 399 4111 est
417 4060 482 4111 uto
594 4058 728 4111 soluerit
750 4059 778 4122 O,
799 4060 931 4127 perditum
952 4061 1071 4118 luerito
1181 4065 1350 4136 effringerint
1372 4068 1405 4124 0¹

305 4142 339 4195 21
358 4145 514 4212 erigetnro
588 4143 623 4196 22
640 4148 683 4197 ost
700 4143 729 4207 0,
749 4145 933 4203 custodituro
1007 4149 1042 4203 23
1059 4150 1131 4220 apud
1148 4167 1198 4205 nos
1221 4151 1279 4208 Oe.
1298 4153 1314 4208 l.
1333 4158 1407 4210 Μ

306 4229 520 4284 resernenturG
