3720 4920
397 331 460 397 184
868 307 1061 395 appendic

395 501 642 560 quaecumque
666 483 784 544 uultis
806 483 877 543 illa
904 482 1069 543 iacietis.
1091 482 1180 542 babes
1206 501 1281 543 nunc
1304 500 1418 542 earnem
1443 485 1524 543 tuam

397 605 483 662 quam
498 603 617 661 superes
631 603 758 660 semper:
789 586 860 660 quid
885 584 940 642 tibi
955 584 1000 643 uis
1027 584 1148 644 alteram
1171 585 1218 643 uel
1233 584 1409 644 conduceret
1440 600 1524 644 nemo

395 707 480 764 super
494 707 580 749 unam
599 688 709 748 febrem
729 689 809 763 cupit
831 688 967 748 adbibere
988 687 1129 761 peiorem,
1158 703 1194 746 ne
1209 686 1331 762 incipiat
1343 686 1525 747 hemitritaeo

397 790 550 851 insanabili
564 790 710 863 laborare,
737 791 784 849 cui
798 790 896 849 nullus
911 789 1007 849 ualeat
1020 789 1148 849 medicus
1174 790 1334 850 subuenire.
1361 805 1453 864 neque
1467 788 1523 848 ali·

394 893 459 966 quis
474 909 560 965 super
575 910 646 952 onus
661 892 807 967 proprium
834 891 912 950 tollit
926 892 1042 966 insuper
1058 890 1191 964 alienum,
1213 909 1249 950 ne
1265 892 1397 951 oneribus
1413 891 1543 952 duobnsr

393 1011 545 1069 oppressus
559 1011 649 1068 usqne
665 996 702 1054 ad
717 993 825 1054 inferos
840 993 1031 1067 demergatur.
1054 994 1128 1053 unde
1154 993 1196 1052 sic
1209 993 1370 1054 Hieremias
1384 995 1523 1069 propbeta

393 1097 475 1157 docet
490 1097 655 1156 sanctitatis
669 1096 781 1170 pondus
796 1096 982 1169 singulariter
997 1094 1203 1155 sustinendum.
1232 1097 1359 1155 bonum
1380 1099 1456 1170 est,
1478 1095 1523 1156 ia·

394 1200 471 1276 quit,
494 1199 574 1259 uiro
590 1217 665 1259 cum
680 1199 894 1274 portauerit
907 1199 1031 1273 iugum
1047 1215 1161 1274 graue
1176 1199 1212 1257 in
1233 1199 1427 1259 iuuentute
1443 1215 1522 1260 scaz

392 1299 540 1360 sedabit
561 1301 812 1375 singulariter
834 1303 869 1361 et
893 1300 1041 1373 silebit,
1064 1301 1233 1374 quoniam
1256 1301 1522 1376 tulitsupersa

393 1403 516 1477 iugum
538 1420 659 1477 graue.
1532 1418 1558 1460 ro

347 1508 388 1565 10
440 1505 495 1564 Sed
509 1506 660 1580 quisquam
675 1505 820 1579 malignus
835 1506 986 1566 obsecutor
1012 1507 1048 1564 ad
1064 1506 1171 1565 dictum
1186 1505 1309 1580 apostoli
1324 1507 1408 1565 Pauli
1422 1505 1521 1566 confu-

393 1605 455 1679 giat
484 1606 595 1665 dicens:
630 1623 743 1665 onera
766 1610 894 1665 uestra
916 1606 1105 1665 sustinete
1126 1606 1295 1679 inuicem,
1330 1610 1366 1667 et
1387 1607 1440 1665 sic
1461 1607 1520 1665 im·

392 1707 552 1779 plebilis
574 1708 690 1781 legam
713 1708 867 1766 Christi.
890 1709 1031 1767 nonhaec
1046 1710 1114 1766 sunt
1127 1724 1213 1767 onera
1233 1725 1305 1782 quae
1321 1709 1428 1767 Paulus
1450 1724 1520 1780 apo·

394 1809 486 1868 stolus
501 1808 623 1883 imperat
637 1809 835 1882 subuehenda‚
862 1810 912 1868 sed
928 1812 961 1867 ut
985 1809 1140 1869 tolerantes
1161 1810 1364 1884 nosmetipsos
1379 1808 1521 1869 discordia

394 1911 474 1969 nulla
488 1911 632 1970 discernat
647 1914 677 1970 at
692 1913 722 1969 in
736 1911 974 1984 temptationibus
988 1912 1152 1971 constitutis
1172 1912 1310 1971 fratribus
1324 1914 1423 1970 mutua
1436 1926 1520 1984 prae·
1532 1929 1557 1968 rs

397 2012 514 2071 beamus
530 2013 647 2084 auxilia,
662 2030 719 2072 non
733 2015 767 2072 ut
781 2012 837 2086 ipsi
851 2013 935 2073 nobis
949 2016 1154 2087 temptamenta
1174 2030 1226 2087 per
1246 2013 1364 2072 laminas
1384 2028 1520 2086 procure-

392 2130 472 2186 mus,
502 2114 552 2173 sed
567 2118 600 2172 ut
615 2116 884 2188 temptamentorum
899 2116 992 2188 magis
1007 2116 1132 2188 pondera
1146 2114 1341 2174 subleuemus:
1368 2132 1432 2174 cum
1447 2113 1521 2172 sciat

394 2215 478 2287 quale
494 2215 533 2274 ait
548 2215 714 2274 sanctitatis
729 2216 828 2289 iugum
850 2216 926 2288 quod
940 2217 989 2274 uix
1004 2218 1150 2290 singulare
1175 2219 1312 2290 portetur.
1343 2217 1377 2274 de
1393 2233 1447 2290 quo
1462 2232 1519 2275 non

391 2316 483 2375 solum
498 2317 559 2388 ipse
574 2318 625 2376 sad
639 2320 670 2376 et
681 2316 818 2377 Dominus
833 2318 926 2375 noluit
941 2321 1049 2376 certum
1061 2316 1177 2376 definire
1192 2319 1389 2391 praeceptum,
1406 2317 1520 2377 diceus:

391 2434 458 2476 non
481 2433 602 2476 omnes
619 2419 932 2490 capiuntuerbum
948 2419 1066 2492 istud,
1090 2419 1556 2492 sedquibusdatumestac

394 2521 423 2577 et
436 2517 555 2577 iterum:
579 2518 639 2594 qui
662 2523 788 2592 potest
810 2536 940 2593 capere
962 2520 1099 2593 capiat.
1123 2520 1148 2578 si
1174 2537 1241 2594 argo
1258 2520 1373 2580 diluuio
1388 2519 1518 2594 singula·

392 2620 463 2680 riter
477 2621 645 2694 magnitudo
659 2621 744 2682 istius
760 2623 893 2695 ponderis
909 2622 1060 2695 toleratur,
1076 2625 1214 2697 quomodo
1226 2623 1411 2695 tolerabitur,
1427 2623 1452 2682 si
1466 2639 1519 2697 ga·

392 2720 509 2780 minatis
524 2724 697 2796 ponderibus
712 2727 938 2797 praegrauetur?
964 2727 994 2782 et
1019 2726 1044 2783 si
1060 2725 1221 2798 singulares
1247 2741 1336 2798 paene
1360 2740 1457 2784 omnes
1472 2725 1521 2783 uix

391 2824 496 2881 durant
510 2826 640 2884 carnales
654 2824 775 2883 insidias
790 2827 942 2899 sustinere,
959 2828 1027 2902 quid
1043 2827 1153 2886 iaciunt
1167 2825 1212 2884 illi
1227 2827 1276 2900 qui
1291 2844 1326 2885 ex
1341 2829 1460 2898 utroque
1475 2825 1519 2885 la·

390 2925 451 2982 tere
467 2924 572 2998 gladiis
587 2926 816 2999 impendentibus
838 2945 896 2986 nou
910 2931 1079 2987 cunctantur
1093 2929 1274 2987 incumbere?
1308 2928 1376 3000 plus
1391 2929 1463 2986 dico.
1493 2927 1520 2986 si
1530 2947 1555 2988 aa

390 3024 487 3084 mariti
502 3028 532 3085 et
545 3043 647 3086 uxores
673 3028 815 3087 desideria
830 3029 992 3102 coniugalia
1013 3031 1116 3089 cotidie
1136 3033 1269 3104 gerentes
1284 3046 1340 3089 uon
1366 3029 1422 3089 sibi
1437 3029 1518 3087 suili-

389 3126 478 3199 ciunt,
505 3128 574 3201 quid
601 3133 692 3203 agunt
707 3129 752 3188 illi
767 3131 816 3203 qui
831 3131 867 3188 ad
882 3132 1028 3203 augendas
1043 3133 1261 3206 inpugnationes
1276 3133 1390 3190 feminis
1406 3131 1519 3192 socian-

390 3230 458 3287 tur?
474 3244 509 3288 ex
530 3230 675 3303 inprouiso
690 3231 736 3291 uel
753 3234 935 3292 transeunter
950 3235 986 3292 ad
1002 3235 1100 3292 horam
1116 3234 1255 3293 femineus
1270 3237 1404 3308 aspectus
1420 3249 1518 3292 occur·

389 3346 455 3389 rens
468 3331 546 3391 uelut
561 3333 685 3406 sagittas
700 3333 802 3393 alienis
817 3334 907 3394 oculis
923 3335 1021 3394 iactat.
1037 3336 1149 3409 quando
1161 3335 1252 3395 libera
1265 3353 1321 3394 non
1337 3339 1381 3396 est
1396 3334 1519 3409 simplex

457 3599 588 3653 lThuen.
607 3600 633 3665 3,
650 3600 693 3653 27.
799 3602 833 3654 12
852 3599 911 3655 Gal.
933 3605 957 3665 6,
974 3601 1001 3657 2.
1105 3602 1139 3655 20
1156 3602 1254 3656 Mattb.
1275 3603 1377 3668 19,11.

457 3853 475 3906 2
493 3853 545 3924 nel]
564 3853 634 3908 uelle
656 3855 679 3910 O
789 3855 960 3909 semirutae
979 3855 1002 3909 C
1114 3855 1240 3909 4labore
1262 3856 1296 3910 0¹
1406 3858 1520 3925 bsupcr

392 3941 450 3992 Oe.
469 3938 486 3992 l.
505 3955 539 3992 oa
558 3942 578 3992 2
671 3940 689 3994 8
706 3954 769 3992 uero
792 3941 826 3995 0¹
921 3941 953 3993 11
972 3939 1112 4008 confugiet
1128 3939 1277 3994 dicentisv
1373 3942 1406 3995 15
1424 3945 1519 3997 mutua

388 4037 475 4078 oum
547 4023 583 4078 25
601 4023 817 4093 impendentibus
836 4041 885 4081 om.
907 4027 929 4082 C
1001 4026 1024 4079 si
1046 4029 1102 4080 Oa.
1122 4025 1140 4079 l.
1158 4041 1193 4078 m.
1211 4029 1228 4078 2
1302 4025 1336 4079 26
1355 4027 1443 4082 uxoris
1464 4026 1487 4083 0

390 4107 513 4161 sibinen
531 4125 548 4161 o
658 4111 692 4164 27
711 4111 841 4181 iugandas
863 4113 886 4168 O
996 4112 1030 4164 28
1048 4111 1194 4180 improuisa
1217 4111 1240 4166 O
1341 4111 1375 4166 29
1393 4112 1522 4168 libaraO

386 4193 444 4247 aad.
463 4210 508 4248 ara
524 4210 546 4249 a.
564 4195 581 4250 1.
599 4212 634 4251 m.
653 4199 672 4252 2
776 4197 887 4266 simplex
905 4213 940 4252 aa
958 4196 1089 4268 supplicia
1107 4197 1131 4252 0
1145 4213 1179 4250 ot
1197 4200 1216 4250 2
