3720 4920
396 322 458 387 188
868 316 1052 386 Appendix.

395 478 475 535 serat
489 475 582 548 mala,
613 478 644 534 et
663 476 698 534 de
721 475 874 535 sanctitate
894 474 1072 548 praeiudicat
1097 477 1130 533 ut
1154 473 1364 533 immunditiam
1379 472 1527 545 suptiliter

395 576 581 651 introducat,
612 577 647 637 de
672 576 754 636 licito
780 576 938 637 calumnias
961 576 1032 636 lacit
1057 578 1091 636 ut
1115 576 1244 637 obtinere
1270 573 1413 634 inlicitum
1423 574 1524 648 possit.

399 683 517 754 propter
531 682 607 753 quod
621 681 769 754 apostolus
783 681 891 738 Paulus
906 681 1020 739 haeresi
1046 681 1114 739 huic
1139 684 1206 740 aute
1227 677 1397 753 praescribit
1411 677 1525 737 dicens:

397 785 648 841 uernmtaman
680 799 794 856 neque
827 781 960 840 mulier
991 782 1070 841 sine
1102 782 1182 841 uiro
1215 798 1329 854 neque
1362 781 1419 838 nir
1449 779 1530 839 siue

397 885 560 945 muliere
583 885 619 943 iu
642 884 802 944 Domino.
826 884 903 944 absit
917 883 995 943 absit
1016 887 1050 942 nt
1073 884 1177 958 ubique
1191 883 1313 944 feminae
1328 881 1551 960 praescribam-s

398 990 446 1044 tur
462 990 514 1045 aut
527 987 633 1059 ubique
658 986 809 1059 permissio
824 986 977 1044 tribuatur.
1004 986 1112 1044 habeut
1138 986 1201 1044 loca
1226 1001 1279 1044 sna
1293 985 1369 1044 circa
1393 984 1529 1043 maritum

396 1088 475 1148 cirea
489 1088 565 1148 lilios
580 1089 656 1148 circa
671 1088 777 1147 fratres
792 1088 868 1148 circa
883 1089 1015 1160 parentes
1031 1088 1106 1146 eirca
1120 1103 1219 1148 seruos
1234 1090 1264 1147 et
1279 1087 1309 1146 in
1325 1089 1407 1147 domo
1422 1085 1530 1146 oratio·

396 1189 442 1247 nis
465 1190 662 1250 tantummodo
686 1190 767 1249 iuxta
782 1192 899 1249 cunctos
913 1189 1042 1248 clericos.
1071 1189 1101 1247 iu
1122 1190 1269 1249 mansione
1283 1192 1379 1247 autem
1394 1203 1452 1247 una
1466 1189 1527 1246 sine

399 1293 568 1365 cognatione
594 1294 779 1365 conpetenter
804 1308 859 1348 nou
881 1290 987 1350 habent
1003 1291 1105 1349 socios.
1136 1292 1206 1350 haec
1220 1294 1266 1349 est
1281 1290 1357 1349 libra
1371 1306 1444 1364 quae
1459 1292 1528 1350 stat

396 1395 477 1451 stare
492 1408 560 1451 uero
575 1409 632 1451 nou
647 1394 743 1466 potest
768 1391 903 1466 quicquid
921 1383 1109 1450 'inclinauerit
1123 1392 1227 1452 libram
1241 1391 1352 1451 dicente
1366 1391 1512 1466 scriptura
1522 1410 1530 1450 ι
1540 1407 1567 1448 ro

397 1510 464 1552 uon
498 1493 711 1553 declinabis
745 1494 782 1552 in
817 1494 1000 1554 dexteram
1038 1510 1153 1567 neque
1189 1495 1226 1553 in
1265 1493 1465 1552 sinistram.
1501 1494 1532 1551 et

396 1595 536 1655 Dominus
567 1595 597 1653 in
621 1596 787 1670 euangelio:
819 1597 910 1667 quod
939 1595 1099 1668 amplius
1120 1599 1177 1654 est
1197 1615 1215 1656 a
1236 1595 1328 1655 malo
1350 1596 1415 1655 ost.
1454 1594 1531 1653 disce

401 1714 476 1756 nuno
490 1697 696 1771 temperantiae
713 1697 826 1755 modum
854 1697 902 1769 qui
928 1713 979 1770 per
995 1696 1141 1755 licentiam
1156 1698 1271 1770 quaeris
1285 1714 1442 1756 excessum.
1464 1711 1530 1754 ama

396 1797 521 1857 feminas
536 1798 611 1858 inter
626 1815 709 1859 sacra
723 1797 863 1858 solemnia
878 1801 908 1857 et
923 1797 987 1857 odio
1003 1798 1078 1857 habe
1092 1797 1122 1857 iu
1139 1799 1334 1859 communione
1349 1799 1480 1871 priuata,
1504 1796 1530 1856 si

397 1900 442 1957 uis
472 1900 632 1960 Salomonis
661 1904 759 1958 tenero
789 1901 964 1958 doctrinam:
996 1903 1153 1973 tempus,
1187 1902 1295 1974 inquit,
1319 1900 1464 1958 amandi
1495 1902 1566 1959 atre

400 2003 544 2072 tempus
572 2001 730 2060 odiendi.

348 2108 388 2166 14
445 2102 525 2161 Tunc
551 2120 620 2175 ergo
646 2104 773 2161 cauenda
793 2105 860 2161 sunt
889 2103 1012 2161 feminae
1027 2103 1193 2178 participia,
1217 2105 1329 2176 quaudo
1345 2104 1454 2179 geritur
1468 2120 1530 2162 car·

400 2204 508 2262 nalinm
526 2222 658 2263 curarum
674 2204 808 2263 contiuua
822 2204 1011 2263 unanimitate
1027 2205 1198 2278 frequentia,
1213 2205 1347 2278 quoniam
1363 2206 1439 2264 iutsr
1449 2222 1532 2265 curae

401 2322 469 2363 suas
486 2323 553 2364 caro
568 2322 681 2378 semper
696 2305 883 2364 incitamenta
897 2305 1038 2379 cupidinis
1048 2309 1183 2379 prouocat
1197 2311 1227 2366 et
1239 2308 1300 2366 illic
1314 2307 1391 2380 parit
1406 2307 1534 2366 fomenta

398 2406 553 2478 peccandi,
576 2406 626 2465 ubi
640 2409 821 2479 pertractans
837 2405 982 2466 commoda
1002 2424 1054 2465 sua
1069 2407 1236 2481 temporalis
1251 2408 1328 2467 uitae
1343 2408 1528 2481 cogitationi·
1540 2427 1569 2468 ao

397 2506 452 2564 bus
468 2507 593 2564 senserit
607 2506 755 2580 paululum
778 2506 920 2579 relaxari,
946 2507 1021 2565 siout
1047 2509 1178 2567 Salomon
1204 2509 1311 2567 adserit
1336 2508 1449 2568 diceus:
1473 2509 1529 2567 de·

397 2607 527 2681 primit
563 2609 718 2667 terrena
751 2608 943 2682 cogitatio
976 2626 1121 2668 sensum
1149 2610 1264 2668 multa
1297 2609 1531 2682 cogitantem.

398 2710 428 2767 iu
456 2711 599 2769 conuentu
620 2726 688 2769 uero
711 2727 871 2783 sacrorum,
900 2711 950 2769 ubi
973 2712 1092 2784 spiritus
1114 2712 1292 2783 dominatur,
1315 2711 1420 2770 ancilla
1442 2714 1532 2771 semet

397 2812 492 2882 ipsam
517 2828 692 2885 cognoscens
717 2812 813 2886 perdit
848 2829 916 2872 suae
944 2813 1101 2886 uoluptatis
1138 2830 1239 2883 usum,
1262 2814 1358 2887 perdit
1377 2817 1407 2871 et
1432 2812 1531 2872 luxum

399 2912 466 2970 dum
499 2913 662 2970 tractantur
687 2912 839 2984 caelestia,
874 2914 941 2972 dum
968 2914 1148 2973 celebrantur
1163 2918 1263 2974 sancta
1290 2915 1441 2989 mysteria:
1469 2918 1566 2978 totana

396 3014 563 3073 humanitas
579 3017 749 3088 occupatur,
781 3016 830 3075 ubi
852 3033 908 3076 non
922 3018 1047 3075 humana
1072 3018 1122 3077 sed
1144 3017 1242 3076 diuina
1256 3022 1326 3077 sunt
1340 3019 1450 3078 omnia:
1478 3017 1528 3076 ubi

397 3117 544 3174 ueneratio
560 3117 606 3175 uel
621 3119 713 3175 terror
728 3119 758 3175 et
779 3120 886 3176 tremor
901 3119 1040 3176 incutitur
1054 3119 1158 3177 animis
1173 3120 1324 3190 uniuersis,
1341 3120 1455 3193 sepulta
1481 3122 1526 3177 set

396 3217 527 3290 profecto
542 3218 706 3277 substantia
731 3220 865 3278 carnalis.
888 3220 964 3279 inter
984 3221 1048 3294 ipsa
1062 3221 1126 3278 iere
1137 3221 1230 3279 caruis
1246 3221 1428 3279 mercimonia
1442 3219 1527 3280 multi

403 3320 579 3392 uoluptatem
595 3321 723 3394 corporis
737 3321 911 3395 neglegunt,
939 3324 1050 3394 quaudo
1077 3341 1095 3380 a
1109 3322 1270 3395 legionibus
1285 3322 1421 3382 exercitia
1435 3323 1525 3382 medi·

468 3553 500 3605 11
519 3552 599 3605 Pron.
618 3555 643 3619 4,
661 3555 704 3606 27.
894 3556 927 3607 12
946 3555 1045 3608 Matth.
1064 3556 1089 3618 5,
1107 3555 1149 3607 37.
1341 3555 1375 3608 15
1393 3554 1443 3608 Sir.
1462 3556 1487 3618 3,
1504 3555 1530 3607 8.

395 3635 428 3687 21
449 3634 511 3704 Sap.
530 3637 554 3701 9,
575 3639 614 3691 15.

466 3838 533 3891 but
551 3838 575 3893 0
590 3855 613 3894 e.
632 3841 650 3893 l.
669 3845 740 3894 Μ
868 3842 885 3895 9
904 3840 975 3894 libra
993 3841 1024 3907 G,
1042 3840 1162 3898 liberae
1283 3842 1318 3895 10
1334 3843 1432 3896 libram
1451 3844 1479 3909 0,
1500 3844 1534 3898 li·

399 3919 497 3978 berae
608 3926 642 3979 18
659 3925 838 3980 unanimitate
861 3924 890 3989 O,
908 3926 1106 3981 unanimitate
1211 3929 1243 3981 19
1258 3933 1321 3996 poet
1339 3944 1443 3998 semper
1462 3945 1533 4001 erae,

398 4008 484 4062 etiarn
502 4009 576 4064 iaG
700 4011 800 4081 parite·
822 4012 845 4067 O
968 4012 1003 4065 22
1021 4015 1140 4066 terrena·
1162 4014 1192 4078 0,
1209 4016 1331 4069 tarraco
1451 4016 1486 4069 23
1504 4016 1533 4069 iu

406 4095 467 4149 Os.
486 4096 504 4150 l.
522 4112 557 4149 m.
575 4100 594 4150 2
696 4097 825 4151 ancillam
847 4097 870 4152 O
976 4097 1009 4150 27
1028 4098 1128 4151 tremor
1145 4101 1174 4152 et
1190 4102 1310 4153 terrore
1422 4101 1457 4153 28
1474 4116 1535 4170 pro·

403 4180 474 4235 fecto
498 4181 527 4247 0,
546 4182 660 4251 perfecte
677 4200 702 4248 e,
722 4183 839 4253 perfecte
854 4182 941 4239 Ocea.
1017 4182 1052 4236 29
1069 4183 1175 4252 quando
1192 4184 1221 4249 0,
1239 4183 1343 4239 sedicet
1361 4184 1466 4252 quaudo
1484 4203 1501 4242 o
