3720 4920
384 309 445 376 174
857 303 1043 379 Appendix.

382 468 497 527 audisse
511 468 691 529 mendacium
716 468 930 541 praesumentes
959 483 1058 528 nocem
1073 463 1195 539 apostoli
1210 462 1293 521 Pauli
1313 457 1514 535 protestantis,

383 570 564 631 nonenim
587 588 720 643 sumus,
743 571 846 645 inquit,
868 571 967 631 sicut
982 568 1132 644 plurimi
1149 566 1414 626 adulterantes
1434 579 1515 621 uer·

382 671 462 731 bum
484 673 564 745 Dei,
598 674 660 733 sed
688 690 729 732 ex
755 673 978 733 sinceritate
1006 672 1105 731 sicut
1132 687 1173 728 ax
1195 669 1265 728 Deo
1294 683 1411 726 coram
1433 664 1515 737 ipso

383 772 420 832 in
443 775 591 836 Christo
614 775 806 850 loquimur.
829 776 971 836 indolere
986 773 1216 848 imquemaximo
1231 767 1381 832 constituti
1396 767 1432 825 de
1447 763 1513 839 qui·

384 876 505 935 busdam
521 878 675 937 tabefactis
691 878 825 938 membris
839 878 967 950 corporis
982 877 1072 937 nostri
1098 879 1128 935 et
1149 875 1177 933 in
1192 874 1301 948 gemitu
1315 871 1455 930 iacturam
1468 867 1537 924 la·s

383 979 540 1039 mentantis
555 980 709 1051 ecclesiae,
740 999 812 1055 quae
832 998 884 1055 per
899 978 1052 1054 segnitiem
1074 979 1201 1037 nostram
1221 973 1362 1047 redigitur
1386 987 1438 1046 per
1453 968 1516 1027 dies

384 1079 516 1153 singulos
534 1081 571 1139 ad
585 1082 702 1139 nimiam
717 1082 909 1155 paucitatem,
939 1080 1080 1139 credimus
1095 1096 1146 1137 nos
1161 1096 1195 1136 ex
1210 1080 1291 1151 parte
1306 1074 1403 1148 aliqua
1417 1071 1514 1131 suble-

383 1181 462 1252 uari,
486 1183 561 1255 qnod
592 1182 759 1256 diligentiae
785 1187 900 1242 nostrae
925 1181 1107 1255 neglegentia
1136 1180 1311 1254 quorundam
1332 1176 1431 1237 obesse
1459 1188 1515 1230 non

383 1283 490 1357 possit,
514 1284 617 1356 quibus
638 1302 791 1359 numquam
806 1288 920 1345 nostrae
936 1284 1049 1343 litterae
1064 1283 1227 1352 defuerunt,
1250 1296 1322 1354 quae
1345 1295 1396 1353 per
1410 1276 1513 1335 absen-

382 1384 453 1442 tiam
479 1403 570 1445 meam
597 1387 788 1460 frequentiam
809 1387 940 1446 omnibus
955 1388 1155 1461 pensauerunt.
1182 1379 1419 1442 dissimulationis
1444 1393 1549 1437 snaero

381 1488 575 1561 unusquisqne
590 1491 768 1562 contemptor
782 1505 862 1547 reum
878 1490 968 1547 semet
981 1488 1043 1560 ipse
1059 1485 1230 1556 conscribat,
1246 1501 1297 1542 nos
1312 1485 1407 1541 antem
1421 1480 1515 1538 libera

381 1586 475 1646 fronte
485 1591 728 1664 contemptoribus
736 1592 927 1649 exclamamus
936 1592 1011 1663 quod
1021 1591 1152 1648 Salomon
1161 1587 1334 1647 confidenter
1345 1582 1513 1656 exprobrat:

383 1691 718 1766 quoniamquidem
741 1694 928 1764 necabam,
952 1691 1062 1765 inquit,
1085 1707 1152 1749 non
1174 1684 1455 1748 obaudiebatis:
1479 1685 1514 1741 et

382 1794 621 1852 extendebam
644 1794 755 1853 uerba
782 1812 871 1865 maa,
908 1797 946 1851 et
968 1811 1036 1852 non
1069 1789 1338 1859 intendebatis,
1372 1788 1436 1846 sed
1465 1787 1511 1843 ir·

381 1891 457 1950 rita
478 1893 683 1954 faciebatis
706 1910 781 1954 mea
802 1895 975 1966 consilia,
999 1895 1088 1953 meis
1109 1894 1227 1950 antem
1249 1886 1547 1963 increpationi-rs

382 1994 447 2052 bus
469 2013 539 2054 non
561 1997 834 2056 intendebatis:
858 1998 983 2071 itaque
1006 2000 1041 2056 et
1062 2013 1126 2068 ego
1148 1991 1514 2065 nestraeperditioni

381 2095 637 2168 superridebo.
673 2097 892 2172 gratulabor
921 2115 1006 2171 ergo
1035 2097 1226 2156 aduersum
1253 2111 1332 2166 uos,
1355 2110 1430 2152 cnm
1453 2092 1512 2149 ad·

382 2199 528 2255 uenerit
550 2200 655 2257 uobis
677 2201 876 2271 interitus,
910 2216 988 2258 oum
1020 2199 1215 2258 aduenerit
1248 2196 1352 2256 nobis
1386 2193 1513 2252 subito

381 2299 578 2371 tumultus,
602 2301 750 2360 euersio
772 2304 890 2360 autom
912 2300 1051 2359 similis
1073 2300 1276 2373 procellae,
1298 2299 1431 2356 etcum
1453 2294 1511 2354 ad·

381 2400 529 2458 uenerit
551 2402 656 2460 nobis
677 2404 909 2476 pressuraet
936 2401 1169 2475 expugnatio.
1204 2401 1278 2459 crit
1309 2400 1402 2457 euim
1436 2412 1547 2457 cumae

380 2517 431 2559 me
464 2501 753 2576 inuocaueritis,
777 2522 842 2577 ego
865 2507 983 2563 autem
1005 2523 1072 2563 non
1094 2504 1282 2563 exaudiam
1303 2519 1376 2561 uos.
1404 2516 1511 2573 qnae·

381 2604 464 2659 rent
485 2620 536 2661 me
560 2604 663 2676 mali,
687 2608 812 2665 utnon
836 2606 1045 2666 inueniant:
1068 2607 1223 2664 oderunt
1250 2605 1342 2663 enirn
1365 2603 1510 2676 sapien-

379 2702 480 2760 tiam.
497 2706 933 2767 uerbnmautemDomini
950 2725 1016 2766 non
1032 2708 1313 2780 adsumpserunt
1328 2722 1442 2778 noque
1456 2722 1510 2763 uo-

377 2802 1038 2868 lueruntmeisconsiliisintenderc.
1061 2812 1282 2882 sprenerunt
1304 2808 1397 2866 enim
1412 2822 1509 2865 meas

379 2909 653 2980 correptiones:
688 2912 843 2986 ideoque
865 2913 975 2970 edent
997 2912 1079 2970 niae
1104 2928 1190 2971 snae
1213 2911 1359 2969 fructus
1386 2911 1423 2968 et
1445 2923 1543 2967 snare

378 3007 571 3081 impietate
595 3013 843 3072 satiabuntur.

347 3109 368 3174 2
419 3111 465 3170 Ad
487 3130 539 3171 nos
553 3131 629 3173 nunc
643 3117 804 3176 exhortatio
827 3119 926 3176 nostra
945 3115 1121 3174 conuertitur
1142 3133 1212 3188 quos
1233 3115 1364 3173 nolumus
1385 3113 1508 3187 experiri

377 3213 449 3270 talia
463 3215 632 3288 praecipitia
646 3217 801 3276 ruinarum.
831 3218 949 3277 metuite
965 3221 1102 3290 quantum
1118 3217 1239 3289 potestis
1260 3217 1399 3274 eiusmodi
1424 3232 1507 3274 casus

377 3313 466 3374 exitia
480 3320 510 3374 et
525 3317 555 3373 in
577 3317 635 3376 ista
654 3321 839 3378 subuersione
854 3318 1009 3377 labentium
1033 3336 1083 3377 nos
1104 3319 1298 3390 experimenta
1318 3319 1506 3390 perterreant.

376 3417 493 3476 nimium
508 3436 644 3492 praeceps
659 3423 768 3493 estqui
785 3421 907 3479 transire
923 3421 1084 3491 contendit,
1101 3419 1150 3478 ubi
1165 3418 1341 3491 conspexerit
1356 3420 1443 3477 alium
1458 3435 1505 3478 ce·
1515 3438 1542 3476 ao

442 3667 460 3722 2
478 3668 492 3722 Ι
510 3668 570 3724 Cor.
588 3670 613 3733 4,
631 3671 656 3724 2.
761 3670 795 3725 13
812 3669 891 3725 Pron.
911 3671 936 3735 1,
954 3669 1066 3724 24-31.

444 3926 459 3978 1
477 3941 541 3978 uoce
564 3926 587 3981 0
732 3928 927 3996 bpntrelactis
944 3945 962 3982 o
1111 3927 1145 3981 10
1162 3943 1248 3981 meam
1270 3928 1299 3991 0,
1317 3932 1438 3982 nostram
1455 3944 1473 3981 o

376 4009 409 4061 11
427 4012 459 4062 ut
477 4010 662 4079 uuusquisque
679 4029 697 4066 o
852 4015 1025 4081 semetipsum
1043 4030 1061 4067 o
1210 4014 1243 4066 12
1260 4014 1437 4067 exclamemus
1454 4032 1472 4069 o

375 4094 409 4148 17
426 4097 453 4148 et
471 4111 530 4149 curn
549 4113 567 4150 o
693 4098 727 4152 19
746 4097 843 4151 similis
863 4098 893 4162 O,
912 4099 994 4152 simul
1012 4102 1073 4152 eto
1203 4100 1239 4152 26
1256 4100 1430 4155 saciabuntur
1450 4101 1474 4155 0
1504 4158 1507 4165 ,

373 4178 408 4232 nt
426 4181 485 4234 exh.
504 4185 597 4237 nostra
618 4184 648 4247 G,
666 4199 726 4238 mea
744 4184 838 4238 erbo
940 4185 976 4238 30
993 4185 1078 4238 aliam
1096 4185 1261 4253 conspexerit
1277 4202 1295 4240 a
