3720 4920
483 393 528 448 De
546 391 803 461 singularitate
821 392 1033 448 clericorum.
1055 408 1077 446 a
1094 393 1173 449 3-4.
1338 398 1402 467 177

307 552 572 626 Quantumcumque
598 550 687 611 fuerit
712 552 906 625 unnsquisque
930 551 1045 626 longius
1065 552 1102 612 ab
1128 554 1269 628 aduersis,
1284 556 1430 616 tantnm4

264 671 320 714 non
330 655 420 714 sentit
434 655 564 714 aduersa.
580 654 676 712 minus
687 653 884 726 uoluptatibus
894 653 1068 730 stimulatur,
1079 655 1129 729 qui
1141 673 1197 716 non
1210 661 1265 729 est,
1281 658 1331 716 ubi
1343 658 1402 718 lte·

263 755 380 830 quentia
408 760 454 814 est
482 755 672 829 uoluptatum.
696 758 725 814 et
751 755 845 816 mium
866 755 1005 816 unamfiae
1034 756 1182 818 molestias
1211 759 1321 833 patitur
1352 761 1402 835 qui

263 858 382 918 diuitias
393 875 451 917 non
463 858 552 927 uidet,
564 856 591 915 si
603 857 783 917 admittimus
794 859 954 932 apostolum
968 860 1165 933 pollicentem:
1182 861 1243 933 qui
1258 862 1401 935 uolunt,

240 961 364 1036 sinquit,
380 952 521 1019 diuites
536 959 635 1032 fieri,
659 960 831 1021 incidunt
852 960 889 1020 in
905 962 1188 1035 temptationem
1211 966 1247 1023 et
1269 964 1400 1024 musei·

261 1064 348 1139 puls
386 1066 423 1123 et
453 1063 645 1124 desideria
677 1064 796 1123 multa
827 1067 862 1124 et
894 1064 1053 1124 inutilia
1086 1067 1123 1125 et
1145 1066 1273 1138 noxia,
1307 1085 1400 1142 quae

260 1169 428 1241 mergunt
450 1165 628 1225 hominem
650 1166 689 1224 in
711 1166 959 1239 perditionem
988 1170 1024 1227 et
1050 1168 1086 1225 in
1107 1168 1319 1228 interitum.
1342 1185 1400 1227 non

260 1266 344 1327 aliter
358 1267 597 1342 temptationibus
612 1266 743 1327 subiacet
756 1267 807 1343 qni
821 1267 934 1328 iunctus
946 1271 992 1329 est
1002 1268 1135 1343 feminae,
1150 1271 1181 1330 in
1196 1289 1253 1345 qua
1267 1270 1342 1330 nihil
1354 1274 1399 1330 est

260 1369 339 1430 aliud
354 1370 411 1428 nisi
427 1372 502 1442 quod
516 1370 602 1428 feriat
618 1371 837 1443 proximantem.
860 1372 975 1429 aculeus
1001 1372 1111 1444 peccati
1137 1372 1215 1431 iacta
1240 1375 1285 1431 est
1306 1373 1397 1432 forma

225 1471 393 1542 rotominse,
409 1474 438 1529 et
452 1471 554 1528 mortis
568 1470 696 1530 condicio
711 1488 768 1530 non
783 1472 899 1530 aliunde
914 1473 1041 1531 surrexit
1055 1471 1112 1530 nisi
1128 1474 1163 1532 de
1178 1473 1312 1532 muliebri
1327 1473 1397 1532 sub·

260 1573 378 1633 stantia
416 1573 492 1647 quod
516 1572 649 1633 Salomon
675 1575 713 1633 ad
739 1576 867 1633 nostram
892 1574 1114 1633 sollicitudinem
1128 1578 1268 1634 memorat
1283 1576 1398 1635 diceus:
1466 1578 1470 1586 '

258 1675 452 1735 amuliere
474 1675 613 1735 iactum
635 1679 691 1735 est
713 1675 864 1735 initium
886 1676 1047 1749 peccati,
1076 1678 1112 1734 et
1131 1677 1285 1751 propter
1307 1678 1400 1738 banc

257 1794 379 1837 omnes
401 1778 584 1838 morimur.
607 1778 675 1837 inde
689 1777 826 1837 mortales
841 1780 971 1838 tenemur
985 1793 1038 1837 nec
1052 1777 1195 1836 timemus.
1211 1778 1281 1850 quid
1297 1779 1323 1837 si
1338 1779 1396 1836 iam

259 1878 427 1939 inmortales
457 1882 605 1938 essemus?
630 1895 682 1951 per
702 1877 850 1937 mulierem
876 1878 1011 1936 liberauit
1030 1894 1084 1937 nos
1104 1878 1237 1950 equidem
1252 1878 1399 1947 Christus,

221 2000 248 2039 ra
266 1980 317 2039 sed
331 1980 407 2039 unde
422 1979 516 2039 adhuc
527 1979 665 2037 morimur
679 1979 831 2038 formidare
854 1980 996 2039 debemus.
1020 1983 1089 2038 tnnc
1103 1979 1237 2040 liberatio
1252 1981 1317 2054 ipsa
1331 1996 1399 2039 con·

264 2081 355 2141 stabii
368 2083 399 2140 in
413 2081 539 2153 femina,
562 2081 589 2140 si
604 2099 622 2140 a
636 2082 719 2140 nobis
734 2098 810 2140 mors
827 2082 989 2141 reuiucatnr
1004 2097 1077 2157 quae
1091 2099 1144 2156 per
1162 2084 1298 2141 feminam
1313 2099 1400 2142 usne·

259 2184 312 2242 rat.
329 2188 456 2243 ceterum
470 2184 497 2242 ai
521 2185 615 2241 adhuc
641 2199 692 2255 per
707 2183 855 2242 mulierem
882 2183 959 2242 circa
973 2201 1025 2243 nos
1051 2184 1190 2244 scandala
1204 2184 1400 2257 dominantur,

259 2285 439 2346 liberationis
451 2285 558 2345 Christi
573 2285 693 2344 fecimus
702 2302 754 2358 pro
766 2288 844 2345 certo
857 2286 1051 2358 dispendium:
1067 2287 1210 2360 siquidem
1226 2288 1256 2346 in
1268 2287 1398 2347 futurum

262 2402 329 2461 spes
341 2386 400 2445 ista
415 2387 561 2446 libertatis
576 2389 673 2446 manet
689 2403 774 2460 quam
789 2386 856 2444 fidoi
871 2389 986 2447 nostrae
1001 2387 1148 2447 Christum
1168 2389 1312 2448 credimus
1328 2405 1400 2447 con·

227 2503 255 2546 ao
265 2488 376 2562 tulisse,
404 2491 436 2547 nt
451 2492 520 2547 tnnc
534 2488 617 2548 nobis
640 2489 753 2548 omnino
780 2487 884 2549 molier
898 2505 955 2548 non
970 2495 1081 2562 noceat,
1106 2506 1172 2549 cum
1198 2492 1228 2551 et
1242 2491 1308 2565 ipsa
1321 2507 1399 2550 mors

263 2592 351 2651 fuerit
366 2592 512 2651 euacuata.
528 2608 596 2649 nam
616 2591 642 2648 si
658 2591 740 2649 modo
757 2592 892 2665 putamus
912 2608 965 2651 nos
979 2592 1195 2665 intomptsbiles
1215 2609 1280 2651 esse
1295 2593 1398 2652 mulie·

261 2692 361 2751 bribus
375 2691 489 2763 iaculis,
512 2690 587 2749 nihil
603 2707 672 2766 ergo
688 2694 781 2751 restat
795 2691 966 2752 caelestibus
981 2694 1088 2768 regnis.
1103 2712 1161 2753 non
1175 2694 1309 2754 inmerito
1324 2695 1399 2754 tales

261 2793 524 2865 sensusapostolus
538 2793 669 2867 increpat
691 2793 807 2853 dicens:
831 2795 900 2852 iam
925 2794 1056 2853 satiati
1078 2795 1188 2868 estis,
1210 2795 1279 2854 iarn
1302 2795 1399 2854 diui·

260 2897 317 2955 tes
338 2893 433 2954 iacti
456 2894 568 2955 estis:
600 2895 680 2954 sine
703 2894 813 2956 nobis
835 2895 1019 2970 regnatis,
1049 2900 1084 2955 et
1106 2896 1248 2957 utinam
1270 2914 1398 2971 regne-

225 3016 250 3056 es
261 2997 323 3056 tis.
345 3001 460 3070 tempus
475 3013 543 3071 ergo
559 2997 653 3055 adbuc
668 2997 833 3056 luctaminis
853 2998 963 3070 geritur
982 3000 1012 3056 et
1033 3015 1110 3057 mors
1125 3015 1176 3071 per
1191 2999 1328 3058 seminam
1344 3000 1396 3058 ad·

259 3100 316 3159 hnc
329 3117 420 3174 usqne
435 3102 592 3174 grassatur.
608 3100 746 3174 mentior,
772 3099 868 3160 sinon
890 3100 1019 3160 uidemus
1033 3101 1135 3161 exinde
1149 3101 1285 3161 interitus
1300 3102 1395 3175 pluri-

259 3218 377 3263 morum.
395 3204 495 3276 quanti
511 3207 541 3261 et
556 3202 657 3276 quales
672 3201 799 3275 episcopi
814 3205 844 3261 et
858 3201 954 3262 clerici
969 3201 1054 3261 simul
1069 3203 1099 3261 et
1119 3202 1186 3261 laici
1200 3206 1268 3276 post
1281 3203 1395 3264 confes-

262 3305 373 3364 sionum
389 3304 628 3377 uictoriarumque
644 3303 755 3363 caleam
769 3302 939 3373 certamine,
961 3307 1027 3376 post
1047 3303 1193 3378 magnalia
1207 3307 1237 3364 et
1248 3305 1334 3378 signa
1347 3304 1395 3364 uel

258 3407 403 3467 mirabilia
416 3425 507 3482 usque
522 3424 634 3481 quaque
649 3408 810 3466 monstrata
820 3407 976 3465 noscuntur
988 3423 1052 3466 cum
1064 3407 1110 3466 bis
1132 3407 1264 3466 omnibns
1277 3406 1396 3466 naufra-

224 3527 352 3585 sogasse,
364 3527 429 3568 cum
444 3511 545 3570 uolunt
561 3509 591 3568 in
603 3509 671 3568 naui
686 3506 784 3583 fragili
800 3508 958 3581 nauigare?
975 3512 1097 3582 quantos
1112 3509 1206 3568 leones
1218 3509 1328 3569 domuit
1339 3526 1396 3567 uua

294 3723 463 3778 aldim.
482 3725 507 3790 6,
525 3725 551 3778 9.
656 3723 688 3775 12
707 3722 757 3776 Sir.
776 3722 819 3786 25,
838 3723 880 3776 24.
984 3723 1051 3778 231
1070 3724 1131 3779 Cor.
1149 3725 1176 3786 4,
1194 3725 1220 3778 8.

324 3925 342 3980 2
359 3925 547 3980 uoluntatibus
566 3926 590 3981 0
663 3924 852 3994 direquentia
870 3927 911 3979 est
929 3925 1010 3982 nbiv
1119 3928 1137 3982 5
1154 3929 1182 3982 et
1203 3927 1234 3993 0,
1252 3931 1281 3981 et
1298 3929 1362 3984 ino

257 4012 434 4080 muscipulam
453 4011 495 4074 0²,
514 4010 712 4078 muscipulasv
816 4011 850 4063 13
867 4009 932 4079 qnid
949 4011 983 4080 si]
1003 4013 1081 4080 quasi
1097 4011 1163 4077 sort.
1262 4013 1297 4068 21
1314 4013 1396 4066 muli·

257 4096 347 4151 eribus
368 4098 402 4153 0¹
479 4097 514 4151 22
531 4096 602 4150 nibil
624 4097 654 4163 0,
672 4094 772 4164 quido
849 4097 884 4150 23
901 4098 1041 4167 apostolus
1058 4097 1156 4167 panlns
1178 4098 1203 4154 0
1276 4098 1396 4153 alteram

256 4183 311 4236 iam
329 4182 390 4239 Os.
408 4184 427 4238 l.
444 4187 511 4238 Μ
579 4182 614 4236 24
632 4182 768 4250 agnatis
790 4180 814 4237 0
880 4181 916 4236 25
932 4183 1089 4237 luctaminis
1106 4182 1229 4238 adhnco
1298 4184 1334 4238 29
1351 4199 1396 4237 ns·

256 4283 307 4337 qne
327 4267 388 4322 Os.
406 4268 424 4321 l.
443 4285 476 4320 m.
496 4270 516 4320 2
620 4265 656 4320 30
673 4282 727 4320 nnn
748 4266 779 4332 O,
797 4282 851 4322 una
868 4266 1008 4322 muliebris
1025 4283 1042 4323 o

274 4441 279 4454 .
358 4373 401 4420 111
416 4374 439 4420 a
1147 4359 1187 4418 ll
