3720 4920
385 311 449 376 232
859 312 1044 382 Appendir.

386 472 524 530 inuictam
539 488 624 545 quam
640 471 744 529 babent
759 487 827 543 erga
842 470 994 530 Dominum
1010 472 1106 529 Iesum
1121 471 1289 546 integritate
1303 478 1333 531 et
1356 474 1519 534 innocentia

389 574 465 631 uitae
481 573 680 631 testificantur.

336 674 375 731 19
430 677 491 735 Nec
506 677 596 734 solum
612 676 786 748 professione
802 675 877 746 fidoi,
897 693 969 749 quae
985 676 1065 734 iuxta
1080 677 1198 735 Paulum
1223 695 1271 736 oro
1288 678 1320 736 lit
1334 679 1370 736 ad
1385 678 1517 747 salutem,

385 776 564 851 glorificatur
579 779 669 836 Deus:
691 780 875 837 uerumetiam
891 778 1069 838 confessione
1092 781 1315 839 commissorum.
1332 783 1402 839 haec
1419 796 1455 837 ne
1470 785 1515 838 to-

387 896 463 937 more
477 895 512 936 er
527 880 610 939 nobis
626 881 696 952 ipsis
710 880 787 954 loqui
805 882 964 952 uideamur,
982 881 1150 940 adducenda
1165 886 1233 940 sunt
1248 884 1453 956 scripturarum
1469 885 1539 941 ta-e

390 981 535 1042 stimonia.
553 999 620 1055 orgo
635 984 690 1041 uisi
706 984 815 1054 piorum
831 983 892 1041 uite
908 984 1021 1043 cederet
1038 983 1067 1040 in
1083 984 1206 1057 gloriam
1223 985 1284 1055 Ilei,
1314 984 1445 1043 Christus
1461 1000 1517 1042 nou

390 1086 497 1143 diceret
513 1086 541 1142 in
559 1087 722 1158 euangelio:
756 1091 791 1145 ut
820 1087 973 1145 uideant
996 1103 1106 1159 opera
1129 1092 1253 1146 uestra
1278 1089 1369 1145 bona
1385 1092 1420 1146 ot
1442 1087 1518 1159 glo-

389 1186 544 1245 rificent
573 1191 712 1259 patrem
743 1193 907 1247 nestrum
940 1188 1061 1261 quiin
1092 1189 1212 1247 caelis
1235 1194 1301 1246 est.
1333 1205 1383 1246 uec
1410 1189 1517 1247 Paulus

388 1291 537 1362 apostolus
564 1291 702 1349 scriberet
727 1290 851 1348 Grrlatis:
883 1295 919 1348 et
949 1291 986 1348 in
1018 1308 1066 1348 me
1096 1290 1367 1363 glorificabant
1401 1291 1518 1350 Deum.

392 1394 577 1450 confirmatur
599 1396 653 1453 hoc
666 1397 696 1452 et
711 1411 761 1464 per
777 1394 994 1464 repugnantiam
1023 1411 1057 1451 cx
1073 1393 1120 1451 bis
1135 1411 1208 1466 quae
1223 1395 1354 1451 diximus.
1371 1395 1476 1452 etenim
1492 1394 1518 1452 si
1530 1408 1557 1447 ro

391 1512 494 1552 nomen
509 1496 562 1552 Dei
576 1496 715 1566 polluitur
737 1513 769 1552 ac
785 1497 990 1552 dehonestatur
1015 1495 1104 1567 impia
1130 1496 1192 1552 uita
1218 1495 1263 1552 sui
1285 1494 1391 1567 populi,
1420 1495 1519 1568 utiquc

394 1599 468 1654 bona
483 1596 562 1655 illius
578 1599 639 1655 uita
654 1598 864 1655 cohonestatur.
896 1598 1049 1655 damnatur
1071 1601 1146 1669 apud
1170 1597 1328 1669 apostolum
1345 1601 1374 1655 et
1389 1599 1517 1669 pbiloso-

390 1699 511 1771 phorum
528 1699 782 1770 impiasapicntia‚
814 1700 876 1771 bui
906 1715 981 1756 cnm
1003 1698 1110 1756 Deum
1133 1701 1414 1772 cognouissont‚
1452 1717 1519 1757 non

389 1803 512 1859 tamen
546 1818 619 1858 oum
649 1806 687 1857 ut
714 1801 819 1859 llcurn
850 1801 1176 1872 glorificarrerunt.
1210 1802 1377 1873 sapientiam
1402 1802 1518 1872 prolite-

390 1903 494 1961 bautur
535 1906 563 1960 et
604 1920 740 1959 summurn
783 1903 955 1960 exhibebant
993 1902 1155 1960 stultitiam.
1200 1903 1295 1975 itaquo
1332 1921 1393 1960 oum
1431 1903 1556 1961 Deumre

392 2021 454 2062 csse
470 2005 679 2075 prolitouontur,
696 2007 790 2060 tamon
808 2005 930 2074 turpiter
947 2004 1078 2061 uiuentes
1094 2007 1123 2060 ot
1139 2005 1222 2060 idolis
1239 2005 1432 2061 sacrificantes
1448 2004 1520 2061 salso

398 2105 561 2163 testimonio
577 2106 779 2176 quodammodo
795 2106 987 2163 obscurabant
1003 2104 1055 2163 Doi
1083 2107 1215 2176 gloriam,
1247 2107 1325 2177 quasi
1354 2123 1404 2163 nec
1427 2106 1521 2163 iustus

393 2211 535 2267 essetnec
551 2226 653 2278 uorax,
675 2209 820 2280 autquasi
836 2226 892 2266 non
910 2226 982 2267 unus
999 2212 1075 2266 esset
1090 2210 1141 2265 sed
1156 2208 1255 2278 inulti,
1276 2212 1326 2266 aut
1346 2209 1427 2280 quasi
1444 2209 1521 2266 saxis

391 2313 468 2368 esset
483 2311 629 2368 assimilis.
647 2311 675 2367 id
691 2314 784 2367 autom
801 2311 963 2368 euidentius
979 2309 1066 2368 otiam
1082 2313 1207 2367 testatur
1220 2311 1399 2367 beatissimus
1412 2311 1520 2368 Paulus

392 2412 522 2469 scribens
553 2412 589 2468 ad
619 2411 793 2482 Corinthios,
825 2412 927 2480 curti,
959 2411 1068 2483 inquit,
1099 2412 1195 2469 ostie
1230 2412 1349 2481 pretio
1383 2425 1557 2483 magno.»

390 2512 610 2584 glorificato
644 2517 678 2568 ot
711 2517 859 2585 portato
893 2514 1000 2572 Deum
1033 2514 1068 2570 in
1102 2530 1256 2585 corporo
1288 2519 1420 2572 nostro.
1458 2515 1521 2573 idoo

394 2612 471 2671 Deus
486 2615 607 2672 redemit
624 2631 674 2672 uos
688 2616 778 2687 pretio
795 2616 945 2687 sanguinis
961 2616 1021 2684 sui,
1046 2619 1078 2672 ut
1093 2618 1179 2673 semel
1197 2635 1213 2673 a
1229 2617 1353 2688 peccatis
1370 2616 1521 2688 expurgati

393 2714 528 2788 deinceps
544 2715 633 2773 uitem
649 2716 711 2787 ipso
726 2717 842 2789 diguam
857 2733 1018 2789 ageremus.

343 2819 386 2877 20
439 2819 482 2874 Ac
500 2819 660 2890 symbolum
686 2819 864 2891 imperatoris
879 2823 1026 2892 gestamus
1054 2822 1224 2892 impressum
1240 2821 1381 2878 frontibus
1405 2821 1520 2878 nostris.

391 2918 501 2990 quidsi
517 2937 620 2993 gerens
634 2920 746 2992 signum
762 2921 866 2978 Obristi
883 2925 1010 2994 praestet
1029 2939 1115 2993 opera
1130 2923 1233 2991 Belial,
1259 2939 1349 2980 uonna
1366 2922 1518 2979 dedecora·
1529 2937 1553 2976 ra

395 3023 442 3076 tur
457 3021 505 3078 ille
522 3022 602 3081 cuius
618 3020 743 3093 insignia
757 3022 903 3094 gerimus?
920 3027 1021 3081 contra
1037 3025 1112 3082 sicut
1128 3025 1282 3095 imperator
1298 3024 1353 3080 sibi
1370 3024 1463 3093 plccot
1486 3024 1520 3079 de

394 3122 486 3180 milite
502 3127 695 3196 praestrenuo,
720 3124 761 3182 sic
776 3124 944 3183 existimaus
966 3126 1045 3184 illius
1067 3126 1202 3184 uirtutem
1218 3125 1272 3198 ipsi
1288 3125 1381 3184 decori
1394 3126 1423 3182 ot
1438 3142 1521 3183 orna·

394 3229 489 3284 mento
506 3241 583 3283 esse:
600 3225 643 3283 sic
658 3226 733 3284 Deus
748 3226 889 3298 gloriatur
908 3227 936 3284 in
953 3227 999 3285 bie
1015 3245 1086 3298 quies
1099 3228 1235 3295 redemit,
1257 3244 1327 3298 qnos
1342 3225 1423 3296 lauit,
1448 3243 1519 3296 quos

394 3328 595 3399 sanctificauit,
618 3345 688 3402 quos
703 3328 824 3400 spiritns
840 3329 975 3388 donatiuo
991 3330 1126 3402 dignutus
1142 3333 1196 3399 est,
1213 3329 1236 3386 ai
1250 3330 1324 3387 uitae
1337 3327 1524 3386 sanctimonia

394 3431 569 3490 declararint
584 3431 696 3490 Domini
722 3431 845 3504 gratiam
873 3431 901 3488 in
929 3431 1002 3504 ipsis
1030 3450 1084 3491 uon
1102 3432 1191 3490 fuisse
1216 3448 1341 3488 uacuam.
1372 3430 1397 3486 si
1414 3429 1557 3487 Pauluseo

394 3533 535 3605 gloriatur
550 3534 578 3590 in
595 3533 796 3604 discipulorum
811 3535 928 3606 pietate,
945 3535 1080 3606 garrdium
1096 3538 1125 3591 et
1141 3551 1270 3591 coronam
1294 3550 1372 3589 suram
1390 3532 1456 3589 illos
1471 3549 1524 3602 np-

396 3634 518 3706 pcllnnn,
531 3635 579 3709 qui
596 3635 668 3693 nihil
684 3639 744 3694 erat
759 3635 815 3693 nisi
832 3635 1011 3706 dispensator
1028 3636 1115 3693 alieni
1131 3635 1274 3693 muueris:
1305 3651 1397 3692 annon
1419 3633 1515 3690 Domi-

402 3754 455 3793 nus
471 3739 562 3809 magis
577 3738 717 3811 gloriatur
731 3756 816 3812 super·
831 3740 877 3797 bis
894 3759 944 3810 pro
961 3739 1066 3811 quibus
1082 3742 1210 3796 mortuus
1234 3735 1299 3795 ost?
1326 3738 1380 3795 iam
1401 3739 1476 3808 quod
1494 3736 1521 3792 iu

395 3841 468 3899 libro
484 3842 535 3900 Iob
551 3842 586 3898 ad
602 3843 677 3900 bunc
692 3843 803 3900 modurn
820 3844 937 3899 satanno
954 3841 1079 3913 loquitur
1093 3841 1245 3898 Dominus:
1270 3857 1348 3896 num
1363 3839 1523 3896 animad-

463 4096 478 4148 7
497 4096 595 4148 Mattb.
615 4098 640 4157 5,
660 4097 700 4148 rc.
892 4096 909 4147 9
927 4095 980 4147 Gal
1009 4095 1032 4158 1,
1051 4093 1093 4145 24.
1297 4090 1326 4143 13
1345 4090 1417 4143 [lom.
1441 4091 1463 4150 1,
1482 4091 1525 4141 al.

393 4182 428 4234 ‘lo
448 4183 459 4232 l
479 4181 537 4235 Cor.
556 4183 581 4245 6,
599 4181 652 4234 20.v
794 4181 829 4233 34
848 4180 896 4233 lob
916 4183 938 4242 1,
958 4181 981 4233 8.
