3720 4920
375 391 489 443 xcvlll
786 372 937 429 Caecilii
955 372 1122 442 Cypriani
1158 451 1161 457 Ι

375 532 518 598 caelestis
540 531 715 597 animaret?
735 529 813 594 bene
833 529 909 594 bene
930 530 1005 593 tunc
1021 529 1053 593 et
1068 545 1141 593 uere
1162 526 1348 610 spiritaliter
1368 527 1513 611 contigit,

375 633 458 717 quod
479 634 530 698 nir
549 633 740 699 necessarius
761 633 828 696 tam
849 631 960 695 multis
981 633 1014 696 et
1029 633 1096 695 tam
1118 630 1207 695 bonis
1227 630 1320 695 rebus
1335 648 1354 695 a
1367 627 1513 711 martyrii

376 737 642 804 consummatione
657 734 774 800 dilatus
789 736 847 800 est.
861 733 960 800 uultis
976 733 1055 799 seire
1070 750 1227 799 secemum
1238 732 1332 798 illum
1344 748 1405 796 non
1416 729 1514 796 fnisse

376 839 599 904 formidinem?
615 840 653 902 ut
666 839 746 904 nihil
761 837 849 902 aliud
864 855 1017 914 excusem,
1033 836 1101 917 ipse
1115 835 1316 917 postmodum
1330 852 1439 918 passus
1455 834 1513 910 est,

377 960 472 1024 quam
493 939 670 1023 passionem
686 941 794 1022 utique
809 959 846 1005 er
859 956 945 1004 more
959 939 1087 1017 uitaret,
1109 939 1137 1002 si
1153 940 1185 1004 et
1199 938 1271 1002 ante
1285 938 1428 1002 uitasset.
1449 935 1535 1002 inite

377 1064 450 1110 uere
478 1044 614 1109 formido
639 1044 699 1108 illa
723 1042 778 1109 sed
803 1044 895 1120 iusta,
925 1042 1059 1108 formido
1085 1060 1166 1124 quae
1190 1042 1361 1106 Dominum
1386 1042 1514 1106 timeret

377 1147 542 1225 offendere,
563 1146 697 1211 formido
720 1164 797 1228 qnae
811 1145 984 1228 praeceptis
998 1145 1059 1209 Dei
1074 1144 1186 1209 mallet
1200 1143 1338 1225 obsequi,
1359 1161 1453 1224 qnam
1468 1143 1514 1206 sic

379 1249 529 1315 coronari.
553 1248 658 1314 dicata
673 1249 757 1313 enim
772 1249 804 1312 in
819 1247 962 1313 omnibus
977 1247 1044 1337 Deo
1061 1265 1151 1312 mens
1167 1248 1199 1311 et
1213 1247 1258 1310 sio
1272 1248 1311 1310 de
1325 1245 1442 1311 diuinis
1457 1244 1514 1310 ad-

375 1352 602 1418 monitionibus
623 1353 802 1433 mancipata
822 1352 955 1417 credidit
970 1368 1013 1430 se,
1035 1349 1098 1415 nisi
1113 1350 1246 1415 Domino
1267 1349 1422 1414 latebram
1437 1349 1513 1413 tune

317 1517 320 1524 .
377 1454 498 1519 iubenti
512 1455 677 1536 paruisset,
693 1453 790 1519 etiam
805 1453 873 1536 ipsa
888 1453 1029 1536 passione
1043 1470 1181 1534 peecare.
1521 1471 1547 1510 ιο

345 1555 367 1618 Β
421 1554 503 1621 Puto
525 1557 657 1638 denique
678 1556 854 1620 etiamnunc
868 1554 974 1637 aliqua
988 1553 1027 1619 de
1041 1553 1202 1619 dilationis
1217 1553 1359 1619 utilitate
1373 1551 1511 1630 dicenda,

377 1658 508 1723 tametsi
522 1658 587 1722 iam
603 1659 722 1723 dudum
736 1676 834 1740 pauca
847 1658 1094 1739 perstrinximus.
1118 1657 1195 1721 dum
1211 1657 1294 1721 enim
1310 1675 1388 1738 quae
1402 1656 1512 1720 uiden·

377 1761 430 1823 tur
466 1746 665 1841 postmodnm
702 1760 867 1824 subsecuta
901 1759 1062 1837 satiamus,
1099 1759 1242 1840 sequitur
1271 1760 1307 1822 ut
1335 1757 1511 1841 probemus,

377 1879 534 1927 secessum
549 1861 642 1927 illum
657 1879 718 1925 non
732 1861 866 1926 hominis
881 1861 1060 1943 pusillitate
1075 1862 1270 1943 conceptum,
1285 1859 1340 1924 sed
1354 1859 1449 1923 sicuti
1464 1860 1513 1923 est

377 1983 450 2029 uere
470 1963 568 2030 fuisse
589 1964 743 2029 diuinum.
766 1965 943 2029 emicuerat
962 1963 1113 2047 populum
1135 1963 1359 2047 persecutionis
1379 1961 1510 2028 infestae
1520 1983 1545 2022 re

376 2066 514 2131 insolens
529 2068 622 2148 atque
637 2066 747 2130 acerba
761 2066 924 2150 grassatio,
939 2065 1036 2147 etqui
1052 2083 1159 2130 omnes
1174 2065 1313 2147 decipere
1327 2084 1390 2129 una
1404 2064 1512 2129 frande

376 2187 437 2234 non
456 2169 581 2252 poterat
600 2166 714 2234 artifex
728 2167 837 2245 hostis,
859 2186 1053 2250 quacumque
1068 2167 1161 2232 miles
1176 2167 1320 2232 incautus
1334 2167 1513 2251 prodiderat

376 2271 461 2334 latus
483 2272 613 2347 nudum,
642 2269 759 2351 dispari
781 2289 891 2354 genere
913 2270 1072 2334 saeuiendi
1094 2271 1236 2354 singulos
1259 2271 1384 2336 diuersa
1407 2272 1512 2353 strage

377 2369 540 2436 deiecerat.
563 2371 697 2436 debebat
717 2390 783 2437 esse
803 2373 858 2454 qui
878 2372 982 2453 posset
1001 2371 1123 2436 saucios
1143 2371 1283 2436 homines
1304 2374 1337 2436 et
1356 2373 1445 2437 uaria
1458 2388 1512 2435 ex-

377 2472 547 2555 pugnantis
577 2472 698 2538 inimici
724 2475 792 2537 arte
816 2473 968 2538 iaculatos
997 2473 1140 2538 adhibita
1168 2473 1339 2538 medicinae
1369 2473 1547 2538 caelestisne

377 2572 514 2638 medella
539 2590 595 2655 pro
611 2574 773 2655 ¹qualitate
799 2573 937 2639 uulneris
963 2576 1017 2638 nel
1041 2593 1147 2640 secare
1171 2575 1301 2640 interim
1322 2576 1375 2639 uel
1396 2574 1511 2640 fouere.

372 2677 520 2765 seruatus
542 2678 590 2741 est
613 2677 664 2741 nir
686 2676 805 2760 ingenii
830 2678 953 2758 praeter
977 2677 1079 2741 cetera
1101 2677 1195 2742 etiam
1220 2676 1409 2758 spiritaliter
1430 2676 1513 2740 tem·

376 2779 487 2859 parati,
518 2779 573 2860 qui
598 2780 680 2843 inter
705 2778 891 2843 resultantes
917 2777 1142 2842 conlidentium
1165 2779 1369 2843 schismatum
1398 2777 1513 2843 fluetus

431 3017 615 3071 lanimareeo
720 3019 846 3072 btueom.
860 3035 904 3087 cop
1003 3018 1168 3087 spiritalium
1185 3019 1211 3070 Τ
1308 3017 1479 3085 contingiteo

376 3103 555 3157 inacessario
568 3104 604 3158 1⁰
674 3104 873 3173 ettam]otiam
882 3120 926 3173 cop
996 3102 1131 3157 ddalatus
1144 3105 1247 3171 Tmen
1260 3105 1284 3170 t)
1352 3103 1480 3156 multisne

376 3186 562 3256 daliudquid
577 3190 603 3243 Τ
700 3206 858 3243 exeusamw
958 3191 1075 3244 enitare
1088 3191 1113 3243 Τ
1215 3189 1305 3243 tuere
1319 3192 1349 3254 Τ,
1360 3205 1423 3243 uero
1435 3205 1480 3257 top

378 3269 511 3326 sediusta
523 3272 637 3327 formido
649 3288 698 3328 oon.
713 3291 738 3327 ao
827 3274 934 3329 domino
947 3277 973 3329 Τ
1063 3275 1275 3329 ‘loffenderetl'
1359 3275 1444 3328 malet
1455 3291 1480 3328 rc

378 3356 520 3428 quamsio]
534 3358 650 3426 quamsi
666 3360 692 3412 Τ
791 3359 894 3414 8dicet
909 3362 935 3416 Τ
1029 3361 1058 3414 in
1071 3376 1120 3415 oca
1137 3361 1164 3414 Τ
1257 3361 1282 3414 si
1294 3360 1327 3414 de
1341 3360 1373 3425 Τ,
1384 3360 1449 3414 fides
1461 3376 1515 3428 pto,

378 3441 446 3494 sico
548 3444 741 3513 9manoipiata
754 3446 779 3498 Τ
880 3446 1009 3500 etnisiao
1108 3445 1212 3499 latebra
1224 3462 1270 3515 ωμ
1374 3446 1483 3500 nnucT

379 3525 414 3578 10
425 3525 531 3580 inuenti
549 3531 579 3593 Τ,
592 3529 686 3582 uiuens
698 3546 744 3599 aco
871 3531 1004 3599 paruisset
1016 3534 1044 3584 et
1055 3532 1149 3585 iamso
1275 3534 1397 3601 peccaret
1412 3533 1479 3598 Τωμ

379 3610 413 3664 11
426 3610 548 3681 dicenda]
562 3612 743 3669 damnandae
852 3615 885 3669 12
897 3615 971 3686 dum]
984 3632 1031 3686 per
1043 3616 1138 3671 haeeo
1242 3631 1321 3685 quem
1333 3616 1442 3671 uidetur
1457 3618 1483 3671 T

378 3696 413 3750 13
424 3697 557 3751 satiamus
573 3701 602 3762 Τ,
620 3699 750 3753 faciamus
761 3706 782 3765 t,
803 3702 950 3756 sentiamus
961 3701 1025 3766 ΤΕ,
1046 3703 1162 3755 sciamus
1175 3719 1229 3770 ωμ,
1251 3718 1300 3756 oar.
1314 3719 1343 3768 o;
1364 3702 1399 3756 de
1416 3701 1516 3756 satiare

378 3780 413 3847 es.
427 3783 549 3837 indicem
618 3786 652 3838 14
663 3785 917 3853 pusillanimitateo
986 3788 1074 3842 secuti
1088 3790 1114 3842 Τ
1182 3789 1216 3842 15
1227 3787 1269 3842 dei
1280 3787 1409 3857 populum
1420 3804 1482 3857 copo

377 3866 535 3924 iniectael'
609 3870 643 3924 16
655 3885 749 3925 acerna
764 3872 869 3940 Theon
880 3874 904 3941 t)
980 3873 1109 3926 crassatio
1121 3890 1166 3942 cop
1241 3872 1289 3943 qui
1302 3873 1333 3938 Τ,
1346 3874 1483 3942 quiewpc

378 3952 412 4006 17
425 3956 658 4024 quemeumqueT
761 3958 896 4026 prodierat
912 3961 938 4012 Τ
1043 3961 1078 4014 18
1090 3958 1174 4029 latus]
1188 3960 1275 4013 laetus
1289 3960 1315 4013 Τ
1414 3958 1517 4029 dispari

378 4039 483 4108 genere]
496 4041 664 4111 disparagere
678 4043 707 4107 Τ,
720 4042 896 4114 dispargeret
1006 4045 1141 4100 19etom.
1157 4048 1183 4101 T
1284 4045 1444 4115 expugnatis
1458 4045 1485 4100 Τ

378 4124 574 4181 20inimicaT
645 4129 680 4182 21
692 4128 797 4183 medela
808 4130 1038 4193 aoe,mcdellas1'
1105 4147 1230 4185 secumw
1303 4130 1515 4201 22uiringenii]

379 4209 529 4282 uirgineip
641 4216 913 4286 praeter]propterw
1025 4216 1189 4285 temperanti
1204 4219 1234 4281 Τ,
1247 4216 1424 4285 temperantia
1436 4234 1481 4287 cop

378 4297 568 4356 disructnsao
