3720 4920
655 337 701 392 Ad
728 338 959 391 Nouatieuum
986 354 1008 391 o.
1026 337 1103 391 2-3.
1401 343 1442 405 55

308 497 371 558 Kos
397 500 465 556 ente
492 497 632 556 diluuium
648 496 702 556 Dei
727 495 910 570 prouidentia
935 496 1077 556 febrioete
1096 497 1141 554 est
1161 511 1237 565 eree,
1265 495 1295 554 iu
1315 512 1373 570 que
1387 509 1443 554 nou

308 603 422 659 tentum
443 601 549 659 munde
569 598 716 671 animulis,
741 600 793 659 sod
816 603 845 658 et
859 600 1007 670 inmunde,
1022 602 1056 657 ut
1070 598 1124 657 tibi
1145 598 1203 657 oito
1228 598 1443 670 respondeatur,

312 699 484 774 Rouetiune,
510 701 673 761 inuenimus
702 718 765 761 esse
792 702 914 761 reoluse.
938 719 1011 776 quse
1038 718 1105 760 eros
1129 700 1192 760 sole
1217 717 1282 759 oum
1302 700 1349 759 his
1371 717 1444 774 quae

310 818 405 863 seeum
431 803 545 863 suerent
570 803 694 862 liberate
714 807 760 862 est
787 803 818 861 in
838 819 924 876 eque,
942 806 977 882 ¹et
998 803 1085 863 oeteri
1105 801 1154 875 qui
1169 803 1198 863 iu
1214 819 1248 861 ee
1261 801 1372 861 inuenti
1387 819 1443 862 non

289 907 380 966 esunt
402 905 511 966 diluuio
537 906 694 980 perierunt.
717 923 752 965 ex
778 904 831 965 ille
857 905 947 980 igitur
972 922 1040 965 eree
1063 905 1253 965 remittuntur
1280 905 1353 963 dnae
1374 919 1444 964 euos

311 1024 395 1066 eorex
410 1012 437 1066 et
462 1009 602 1069 oolumbe.
625 1009 675 1082 qui
697 1025 780 1067 eorex
801 1024 870 1067 uere
897 1008 1043 1067 hominum
1059 1008 1259 1067 inmundorum
1274 1009 1304 1066 et
1317 1007 1347 1065 in
1362 1011 1443 1066 tene·

310 1109 370 1168 bris
397 1110 541 1184 perpetuis
566 1110 729 1170 futurorum
755 1128 807 1184 per
832 1109 939 1169 saeculi
964 1109 1055 1168 letum
1082 1111 1161 1169 niem
1185 1112 1215 1167 et
1234 1108 1373 1168 inmunde
1392 1124 1443 1167 ue·

309 1209 451 1272 seentium
479 1215 678 1287 apostatarum
698 1212 862 1273 futurorum
888 1214 918 1271 et
942 1213 978 1271 ed
1005 1213 1154 1273 ecelesiam
1180 1229 1211 1272 so
1238 1209 1361 1285 emplius
1386 1227 1444 1270 nou

308 1313 484 1372 uertentium
494 1315 615 1387 figurem
625 1315 768 1387 portebet,
784 1331 869 1387 quom
884 1314 962 1373 siout
984 1315 1113 1387 legentes
1133 1313 1295 1372 inuenimus
1309 1313 1444 1372 emissum

275 1416 339 1473 met
353 1430 410 1472 non
433 1414 556 1488 emplius
579 1431 735 1475 reuersum.
760 1415 828 1474 huie
842 1431 911 1488 ergo
926 1414 975 1473 eui
990 1415 1021 1473 id
1036 1419 1081 1474 est
1095 1413 1230 1473 inmundo
1246 1414 1362 1487 spiritui
1377 1412 1442 1487 qui-

309 1533 364 1591 que
379 1516 488 1575 inerint
503 1516 611 1577 similes
626 1517 739 1576 inuenti
753 1517 792 1576 ed
806 1517 956 1577 eeclesiam
968 1518 1091 1590 emplius
1103 1516 1210 1578 reuerti
1221 1533 1277 1576 non
1292 1518 1443 1591 poterunt:

308 1617 359 1693 qui
373 1620 404 1676 et
418 1617 444 1676 si
465 1617 618 1691 noluerint,
645 1619 783 1678 Dominus
806 1619 971 1691 prohibebit
990 1619 1041 1691 qui
1061 1619 1154 1694 Moysi
1170 1618 1315 1692 preeoepit
1329 1617 1442 1676 dicens:

308 1736 407 1779 omne
440 1719 580 1778 uarium
614 1722 649 1779 et
683 1720 891 1779 inmundum
924 1719 1001 1779 eioe
1034 1720 1136 1779 fores
1169 1723 1277 1778 extre
1309 1720 1442 1778 oestro.

307 1820 467 1882 columbam
482 1823 578 1880 eutem
594 1822 726 1880 emissem
742 1823 774 1879 in
788 1821 947 1880 continenti
963 1821 1143 1896 significetur
1158 1837 1303 1880 reuersum
1319 1837 1350 1879 eo
1366 1821 1441 1893 quod

274 1921 435 1996 rerequiem
449 1940 507 1982 uon
522 1923 642 1981 heberet
655 1922 777 1994 pedibus
792 1923 867 1981 suis:
884 1939 970 1995 quem
983 1922 1045 1981 Noe
1059 1921 1168 1994 recepit
1182 1922 1212 1980 in
1223 1938 1318 1980 eroum
1334 1923 1363 1980 et
1378 1924 1444 1993 post

307 2024 461 2097 septimum
476 2025 550 2083 diem
567 2025 671 2083 itereto
687 2025 819 2084 emissem
834 2025 944 2098 reoepit
959 2041 1021 2083 eam
1041 2026 1203 2096 portantem
1219 2040 1269 2082 suo
1285 2040 1333 2082 ore
1349 2021 1443 2082 oliuae

306 2123 417 2183 folium.

351 2226 390 2284 nt
404 2242 457 2299 ego
478 2227 602 2300 quidem,
629 2227 735 2287 fratres
756 2227 947 2299 dilectissimi,
973 2244 1030 2286 non
1052 2231 1158 2287 temere
1173 2227 1232 2286 iste
1246 2227 1376 2301 eogitens
1391 2227 1472 2286 nere

307 2327 435 2385 humane
460 2327 603 2400 sapientia
628 2329 813 2401 conspirans,
845 2329 897 2387 sed
923 2332 957 2387 ut
982 2329 1100 2387 caelesti
1131 2328 1246 2387 Domini
1277 2328 1443 2402 dignatione

272 2428 466 2487 soneosseerie
480 2431 510 2487 et
524 2428 702 2501 pertinenter
720 2428 867 2489 mentibus
881 2429 990 2490 nostris
1004 2430 1151 2503 oonoipere
1171 2428 1357 2503 permittitur,
1380 2429 1442 2489 dieo

307 2528 433 2587 illumin
454 2533 501 2587 est
526 2528 686 2588 columbam
713 2531 857 2603 duplioem
881 2531 965 2590 nobis
992 2548 1043 2604 per
1057 2534 1149 2590 semet
1171 2532 1262 2602 ipsum
1278 2531 1442 2605 significare

305 2627 436 2702 figurem.
459 2631 582 2704 primum
607 2631 721 2705 quidem
742 2634 772 2691 et
797 2632 985 2705 principalem
1012 2648 1095 2690 suem
1109 2634 1162 2691 hoo
1177 2636 1222 2691 est
1248 2632 1438 2705 spiritalem„

305 2731 374 2790 olim
389 2732 419 2790 id
434 2735 480 2790 est
494 2734 531 2791 eb
546 2733 630 2792 initio
646 2733 761 2793 diuinae
776 2735 1036 2794 udministretionis
1050 2733 1170 2805 insistit,
1187 2738 1217 2793 et
1231 2737 1441 2794 sacramentum

304 2833 498 2908 bsptismatis,
515 2835 590 2907 quod
602 2835 632 2894 in
643 2835 768 2895 sulutem
780 2837 894 2910 generis
905 2835 1021 2894 humeui
1036 2836 1183 2909 prouisum
1197 2837 1227 2894 et
1238 2834 1293 2894 soli
1304 2835 1442 2894 eoelesiee

269 2934 425 2994 rooeelssti
450 2936 562 2995 rationo
589 2935 735 2996 oelobrsre
761 2936 960 3010 permissum,
988 2952 1040 3011 per
1065 2953 1098 2998 os
1123 2953 1206 2995 suum
1236 2935 1440 3009 preeostsndit.

304 3037 350 3094 ter
364 3036 439 3096 enim
455 3036 559 3096 emisse
573 3055 608 3098 ex
622 3054 690 3097 eree
709 3038 835 3098 uolitens
850 3055 902 3110 per
921 3054 1016 3097 eorem
1031 3055 1119 3112 snper
1135 3054 1239 3111 equom
1260 3035 1442 3110 signifioebet

303 3136 360 3195 iem
391 3140 460 3196 tuno
482 3138 618 3197 ecelesiae
646 3142 761 3198 nostrae
788 3141 978 3199 estrumento.
1002 3141 1126 3198 undeet
1149 3138 1285 3196 Dominus
1307 3137 1439 3197 Christus

408 3334 440 3388 13
458 3333 539 3387 Num.
559 3335 584 3398 5,
602 3335 627 3388 2.

371 3528 389 3580 3
406 3527 485 3596 quse]
504 3528 551 3595 qni
570 3527 603 3580 K
668 3530 686 3581 4
704 3544 775 3596 eque
792 3531 822 3583 st
839 3531 952 3597 serpsi,
971 3547 1024 3598 qne
1041 3534 1068 3585 et
1086 3531 1133 3586 Ko
1200 3535 1289 3585 cetera
1306 3546 1407 3599 quseo

302 3610 448 3664 iuuentus
544 3613 560 3664 7
578 3612 661 3681 mum]
680 3614 767 3666 intem
785 3613 818 3666 K
913 3615 931 3668 8
949 3616 1065 3685 emplius
1083 3616 1173 3681 KEr,
1191 3617 1297 3672 ultrso
1387 3633 1440 3672 uon

302 3695 335 3749 K
344 3710 365 3748 e.
378 3697 396 3748 1.
408 3713 443 3749 m.
456 3701 475 3748 2
573 3697 590 3749 9
602 3698 674 3750 siout
686 3698 718 3751 K
729 3698 789 3761 Er..
801 3714 852 3752 orn.
870 3715 899 3762 v;
911 3701 1011 3754 siceum
1024 3702 1158 3772 legentem
1170 3703 1322 3756 iuuenimus
1338 3703 1405 3767 sort.

303 3779 337 3834 10
353 3795 408 3833 uon
426 3781 458 3833 K
466 3797 480 3834 e
502 3781 519 3834 1.
531 3785 598 3835 Μ
728 3785 760 3836 11
780 3787 921 3852 pot-erunt
939 3785 972 3839 K
1099 3786 1133 3839 13
1150 3787 1221 3840 iores
1239 3803 1275 3841 eu·
1292 3787 1358 3840 foris
1376 3787 1408 3841 K

302 3865 336 3920 14
352 3865 476 3921 columbe
488 3883 511 3921 e
525 3870 796 3922 emisse-reuersus
902 3871 935 3925 16
953 3870 1080 3926 iteratore
1098 3871 1207 3926 missum
1227 3872 1259 3926 K
1353 3872 1439 3927 1811-

300 3966 371 4004 more
389 3951 432 4005 Κι
546 3956 579 4007 19
596 3954 713 4007 humeno
732 3954 764 4006 K
872 3956 907 4008 20
924 3955 992 4027 dieo]
1011 3956 1071 4011 dieo
1090 3961 1179 4011 sutem
1199 3958 1231 4011 K
1332 3957 1368 4010 22
1384 3958 1440 4026 pri·

299 4051 373 4089 mum
392 4036 424 4090 K
538 4026 612 4106 spite
629 4038 673 4092 K:
692 4055 764 4108 puae
781 4046 914 4095 securatur
930 4048 1062 4109 corrupta
1078 4048 1145 4096 mmt
1259 4042 1295 4096 24
1313 4041 1440 4095 ecclesiae

300 4120 449 4175 catholicae
463 4123 496 4176 K
580 4123 616 4176 25
633 4124 792 4191 permissum
806 4124 905 4179 addim
993 4126 1027 4179 26
1040 4126 1170 4194 promises
1182 4126 1214 4179 K
1316 4129 1439 4194 superet·

299 4221 356 4260 osm
376 4207 417 4260 K¹
