3720 4920
740 375 787 431 Do
809 376 1071 446 Rebaptismate
1095 393 1116 432 e.
1135 377 1160 430 6.
1477 378 1519 442 77

379 553 431 596 one
453 536 540 596 etiam
563 536 692 597 ethnicos
714 540 745 596 et
768 537 929 597 haereticos
951 537 1104 597 abutentes
1119 554 1221 598 nomon
1237 539 1303 597 Iesu
1320 539 1468 597 credamus
1483 533 1519 591 ad

379 637 501 697 salutem
528 639 589 697 sine
615 655 684 697 uera
709 657 740 699 re
766 643 854 713 atque
882 639 999 712 integra
1019 656 1102 712 poseo
1124 640 1285 712 peruenire.
1309 657 1395 713 quam
1421 641 1518 698 temen

380 741 590 799 inuocatiouem
611 740 733 800 nominis
747 741 814 800 Iesu
839 741 1013 800 correctione
1029 741 1134 799 erroris
1149 745 1179 800 et
1195 741 1342 816 agnitione
1359 741 1424 799 fidei
1441 740 1518 799 ueri·

379 841 450 901 tatis
477 847 507 901 et
533 841 646 902 abscisa
671 843 747 901 omni
773 842 838 901 labe
861 842 1036 916 praeteritae
1059 842 1286 903 conuersationis
1308 842 1444 917 mysterio
1466 841 1521 900 Dei

359 943 458 1005 aoirca
479 943 618 1002 eiusmodi
639 944 769 1004 homines
790 944 846 1003 rite
871 947 1065 1018 perpetratam
1085 945 1179 1005 locum
1202 961 1285 1018 quom
1305 944 1441 1002 habitura
1463 960 1520 1003 nou

380 1047 443 1104 erat
458 1045 587 1104 obtinere
602 1046 633 1105 et
647 1047 790 1119 musmo
805 1046 835 1105 in
851 1046 907 1105 fido
929 1048 1010 1105 reeta
1024 1049 1054 1105 et
1069 1047 1107 1105 ad
1129 1046 1326 1120 integritatem
1343 1044 1420 1118 sigui
1435 1061 1521 1118 prae·

379 1148 512 1208 standum
537 1163 595 1207 nou
621 1149 721 1208 obesse
749 1149 950 1222 supplemento
976 1148 1037 1208 eius
1064 1149 1141 1221 quod
1162 1148 1260 1208 deerat
1281 1147 1434 1206 accedente
1455 1162 1523 1220 per·

380 1266 466 1324 qnam
492 1247 565 1308 utile
585 1251 630 1308 est
650 1249 774 1321 erodere,
803 1252 833 1308 et
851 1251 897 1308 tot
918 1266 1057 1308 annorum
1077 1251 1178 1322 totque
1196 1249 1380 1308 ecelesiarum
1395 1248 1523 1321 itemque

381 1351 575 1424 apostolorum
590 1350 620 1409 et
634 1350 830 1424 episcoporum
846 1351 1016 1410 auctoritati
1032 1368 1096 1410 cum
1111 1352 1187 1410 bona
1202 1349 1314 1409 ratione
1326 1348 1523 1421 adquiescere,

346 1468 445 1512 roeum
471 1451 512 1511 sit
536 1451 691 1510 maximum
711 1451 921 1512 incommodum
943 1468 977 1510 ac
997 1452 1179 1526 dispendium
1202 1449 1399 1510 sanctissimae
1414 1449 1522 1509 matris
1599 1527 1604 1538 .

382 1553 519 1613 eeclesiae
534 1553 672 1612 admoram
692 1553 788 1625 prisca
808 1554 941 1613 musella
956 1556 1021 1626 post
1036 1556 1081 1612 tot
1096 1553 1275 1612 saeculorum
1292 1554 1403 1610 mnium
1418 1550 1522 1610 seriem

379 1671 456 1714 nunc
483 1655 605 1728 primum
631 1658 747 1729 repente
768 1672 802 1715 ao
824 1655 886 1715 sine
908 1655 1018 1715 rationo
1040 1656 1199 1729 insurgere.
1223 1670 1275 1713 nec
1302 1653 1378 1713 enim
1405 1656 1523 1728 propter

381 1757 463 1816 aliud
484 1757 598 1829 Petrus,
623 1757 673 1830 qui
693 1757 749 1816 iam
770 1757 867 1817 fuerat
888 1758 1053 1832 baptizatus
1073 1757 1188 1832 etquid
1214 1757 1334 1816 sentiret
1349 1757 1384 1814 de
1400 1754 1523 1816 Domino

382 1858 420 1918 ab
435 1857 499 1932 ipso
515 1858 635 1918 Domino
650 1861 714 1918 erat
728 1859 934 1933 interrogatus,
957 1862 987 1917 et
1001 1858 1124 1918 ueritate
1145 1857 1333 1917 reuelationis
1348 1856 1439 1931 patris
1455 1871 1522 1916 oae-

348 1984 373 2024 rs
383 1959 467 2020 lestis
491 1962 522 2018 in
548 1978 613 2019 eum
637 1961 786 2033 collocata,
813 1962 888 2034 quod
909 1960 1049 2019 Dominus
1069 1962 1167 2018 noster
1192 1976 1248 2019 non
1271 1960 1364 2018 solum
1380 1958 1522 2028 Christus,

383 2079 483 2122 uerum
501 2061 588 2121 etiam
603 2061 680 2122 illius
695 2062 748 2121 Dei
764 2062 825 2121 uiui
841 2065 918 2122 esset
932 2062 1090 2134 confessus,
1106 2062 1285 2135 postmodum
1301 2060 1393 2119 eidem
1409 2058 1524 2118 Christo

384 2165 563 2239 praedicanti
578 2166 613 2223 de
628 2151 689 2224 sna¹
704 2166 836 2238 passione
858 2165 1024 2238 refragatus
1048 2181 1110 2223 esse
1127 2167 1303 2223 monstratus
1318 2166 1373 2232 est,
1390 2164 1419 2221 et
1434 2179 1523 2235 prop-

384 2269 464 2325 terea
491 2267 607 2325 satarum
635 2267 692 2326 dici
715 2269 847 2326 ostensus
870 2269 923 2337 est,
951 2266 1007 2324 nisi
1032 2266 1101 2339 quia
1125 2265 1255 2324 interum
1281 2267 1344 2324 erat
1359 2267 1392 2323 ut
1407 2263 1525 2337 quidam

383 2368 502 2427 tametsi
526 2367 671 2427 uariantes
691 2367 722 2426 in
743 2369 888 2427 sententia
912 2368 1030 2442 propria
1053 2369 1083 2427 ot
1106 2367 1301 2427 claudicantes
1323 2365 1479 2439 aliqnando
1494 2364 1524 2422 in

349 2487 376 2528 ao
385 2467 441 2527 ilde
455 2471 542 2542 atque
557 2469 694 2543 doctrina,
711 2486 775 2528 cum
791 2469 821 2527 in
836 2470 951 2528 nemine
964 2469 1030 2528 Iesu
1046 2469 1270 2542 baptizarentur,
1287 2469 1420 2528 tamensi
1434 2467 1525 2525 inter·

384 2569 463 2631 uallo
489 2570 613 2643 quodam
638 2571 775 2643 temporis
802 2571 978 2645 recorrigere
1004 2570 1034 2629 id
1061 2571 1235 2644 potuissent,
1260 2587 1317 2629 non
1340 2571 1527 2643 propteroaa

384 2672 479 2732 salute
494 2671 666 2744 exciderent,
691 2673 742 2731 sed
759 2673 928 2746 quandoque
943 2672 1143 2746 resipuissent,
1169 2673 1311 2744 integram
1325 2687 1405 2744 spem
1422 2669 1527 2728 salutis

384 2754 557 2849 paenitendo
580 2772 751 2845 obtinerent,
773 2774 946 2847 praesertim
961 2791 1027 2833 cum
1042 2773 1175 2846 spiritum
1193 2775 1333 2842 sanetum,
1359 2788 1414 2845 qno
1430 2770 1526 2843 bapti·

384 2875 646 2950 nerlunusquisque
656 2875 802 2935 bominum
811 2875 906 2941 dobot,
919 2874 1092 2948 acciperent,
1101 2874 1235 2948 'reliquid
1245 2873 1303 2932 tale
1313 2873 1525 2946 designassent,

350 2994 376 3036 re
385 2976 473 3037 sicuti
497 2994 554 3036 non
577 2978 670 3039 solum
685 2978 803 3038 Petrum
826 2978 880 3037 bec
903 2995 1019 3051 passum
1041 2993 1104 3036 esse
1124 2976 1154 3034 iu
1171 2976 1321 3048 euangelio
1336 2974 1527 3049 deprehendi·

369 3114 371 3118 ,
386 3096 460 3151 mus,
475 3095 576 3139 uerum
592 3080 742 3139 uniuersos
756 3095 868 3154 quoque
884 3078 1051 3153 discipulos,
1067 3077 1172 3151 quibus
1187 3077 1242 3136 ium
1258 3076 1412 3151 baptizatis
1427 3079 1528 3148 postea

385 3180 525 3240 Dominus
554 3181 596 3239 ait
629 3180 714 3254 quia
747 3197 811 3240 uos
842 3197 964 3240 omnes
1001 3178 1357 3240 scandalizabimini
1390 3178 1427 3235 iu
1459 3193 1526 3236 ma:

387 3283 437 3358 qui
458 3299 556 3343 omnes
577 3285 612 3342 ut
632 3282 888 3343 animaduertimus
909 3285 1037 3342 correcta
1057 3280 1114 3341 ilde
1137 3298 1190 3342 sua
1209 3284 1275 3354 post
1291 3279 1529 3339 resurrectionem

385 3385 502 3444 Domini
525 3384 556 3443 in
578 3385 682 3459 spiritu
703 3387 802 3443 sancto
825 3387 894 3444 sunt
908 3383 1059 3458 baptisati,
1074 3387 1108 3442 ut
1123 3399 1180 3441 non
1195 3381 1338 3441 immerito
1354 3382 1439 3441 bodie
1455 3397 1528 3455 quo·

352 3501 443 3560 eoque
465 3488 615 3546 credamus
636 3484 765 3546 homines
785 3489 928 3545 correctos
949 3504 967 3545 a
987 3484 1109 3559 pristino
1132 3499 1228 3544 errore
1251 3482 1280 3541 in
1302 3483 1407 3556 spiritu
1430 3484 1529 3542 sancto

386 3605 472 3662 posse
501 3589 652 3663 baptizari.
690 3588 739 3661 qui
769 3604 834 3647 cum
864 3604 939 3660 aqna
968 3586 1185 3661 baptizarentur
1215 3585 1244 3645 in
1271 3585 1385 3645 nomine
1415 3583 1530 3644 Domini

387 3690 543 3764 aliquando
564 3691 695 3751 scabram
709 3690 881 3750 habuissent
895 3690 989 3764 fidem,
1006 3689 1139 3764 quoniam
1155 3689 1279 3749 multum
1294 3688 1417 3748 interest
1431 3691 1529 3746 utrum

459 3995 493 4049 15
511 3993 546 4048 ol.
563 3993 665 4048 man.
686 3993 786 4057 16,16.
894 3992 926 4046 27
946 3991 1028 4046 Marc.
1049 3991 1089 4055 14,
1107 3991 1150 4045 27.

458 4181 493 4237 32
517 4181 662 4251 aliquando
689 4182 843 4246 Betucius,
870 4181 961 4250 aliquo
989 4183 1017 4247 [i.
1038 4196 1060 4235 e.
1079 4181 1261 4247 aliquatenus)
1286 4179 1355 4232 corni.
1384 4175 1531 4246 Ripaltius,

388 4267 499 4336 aliquod
516 4266 602 4322 cod?
