3720 4920
660 346 706 400 De
724 344 857 399 Pascha
874 344 1050 411 computus
1068 358 1092 397 e.
1112 343 1222 398 18-21.
1442 344 1506 411 267

418 505 457 562 Hi
473 509 541 563 sunt
556 504 695 577 apostoli,
726 520 845 577 querum
860 503 1040 561 sermonibus
1055 501 1200 558 aedificati
1214 500 1429 573 recogncuimus
1444 503 1502 560 Dc·
1513 501 1556 558 20

375 606 484 664 minum
493 609 622 666 nostrum
635 621 709 664 aune
721 605 911 664 sextodecimo
923 603 1036 675 imperii
1043 602 1151 662 Tiberii
1162 602 1292 661 Caesaris
1303 619 1429 676 passum,
1446 622 1509 664 eum

375 710 453 766 esset
464 708 526 780 ipse
537 725 674 766 annerum
685 706 787 766 XXXI.
800 707 837 765 ad
845 705 913 764 XVI
920 722 987 779 erge
1000 721 1105 762 annum
1114 706 1144 762 et
1151 703 1243 762 XXXI
1252 704 1407 764 adiciamus
1414 706 1511 765 XVIII

376 810 406 868 iu
422 811 536 869 nemine
553 811 646 884 ipsius
661 812 738 882 Iesu,
754 813 785 868 et
799 809 833 868 fit
847 825 983 868 numerus
996 808 1088 867 LXV:
1105 807 1210 882 quibus
1226 808 1329 867 desunt
1343 809 1463 867 trecenti
1478 811 1512 867 ut

356 911 533 984 simpleatur
547 931 640 972 annus
656 914 810 972 secuudum
825 927 940 970 cursum
956 911 1036 969 solis.
1054 910 1119 968 000
1135 913 1231 970 autem
1242 910 1318 982 apud
1330 909 1449 970 Graecos
1461 928 1512 984 par

379 1032 465 1074 unam
480 1016 609 1074 litteram
631 1017 769 1074 natentur
784 1031 856 1088 quae
879 1014 986 1073 dicitur
1014 1012 1082 1090 tare,
1106 1016 1136 1072 et
1158 1012 1310 1071 manifeste
1336 1014 1513 1072 demonstrat

379 1117 511 1175 omuibus
527 1118 583 1178 laec
608 1119 700 1178 crucis
722 1118 845 1191 signnm.
871 1133 933 1175 ecce
950 1117 1054 1175 iterum
1077 1116 1134 1174 iarn
1150 1132 1216 1174 nere
1231 1115 1381 1174 credamus
1396 1116 1470 1189 qrucd
1486 1116 1513 1174 V
1608 1139 1609 1142 ¹

378 1220 418 1278 kl.
432 1220 527 1293 April.
544 1222 698 1280 seeundum
713 1237 826 1280 carnem
841 1224 928 1278 natus
942 1218 983 1277 sit
998 1218 1147 1276 Christus:
1164 1216 1195 1275 in
1207 1234 1262 1289 quo
1275 1216 1321 1274 die
1332 1217 1514 1290 probauimus

381 1322 470 1380 solem
486 1322 603 1380 sactum.

344 1447 371 1487 re
425 1424 567 1483 Debemus
583 1424 736 1484 ostendere
752 1426 781 1482 at
796 1423 826 1481 id
840 1423 937 1497 ipsum
951 1440 1008 1481 neu
1024 1421 1115 1482 tuisse
1130 1440 1261 1495 uacuum,
1279 1424 1330 1481 sed
1345 1422 1375 1482 in
1390 1423 1513 1482 salutem
1524 1415 1560 1473 21

380 1527 510 1584 nostram
527 1525 616 1584 fuisse
633 1529 859 1599 praeostensum.
884 1527 913 1582 in
937 1525 983 1582 die
1006 1524 1083 1583 enim
1100 1527 1206 1596 quarte
1222 1526 1334 1597 quando
1361 1525 1454 1584 faetus
1470 1529 1515 1583 est

383 1627 437 1697 sel,
454 1627 517 1699 ipsc
533 1628 579 1686 dia
597 1631 626 1686 et
640 1628 710 1686 luna
724 1628 802 1686 faeta
817 1629 862 1685 est
877 1626 938 1700 XV,
965 1626 1057 1685 altere
1074 1630 1171 1685 autem
1198 1627 1245 1686 die
1266 1627 1324 1686 ruit
1338 1627 1414 1698 XVI,
1430 1627 1516 1687 tertio

382 1744 450 1785 uere
468 1727 568 1787 XVII:
591 1731 620 1788 et
635 1728 678 1788 sic
693 1730 853 1802 plasmatus
867 1731 913 1786 cst
927 1729 1020 1786 Adam
1037 1728 1072 1785 de
1087 1730 1175 1798 terra,
1192 1728 1241 1801 qui
1256 1745 1307 1800 per
1322 1746 1403 1786 suam
1418 1728 1518 1787 inobe-

383 1830 522 1888 dientiam
537 1847 595 1889 nen
612 1833 725 1889 tantum
752 1829 808 1888 sibi
826 1832 877 1888 sed
893 1832 923 1887 et
938 1830 1022 1888 uobis
1038 1830 1209 1888 arcessierat
1234 1833 1353 1887 mortem
1376 1829 1518 1901 iniquam:

349 1959 373 1997 η
385 1949 471 2004 quam
487 1934 607 1991 mertem
624 1932 765 1991 Dominus
779 1933 880 1991 noster
896 1931 978 1990 Iesus
994 1931 1166 1989 conculcans
1188 1946 1291 2002 passus
1313 1934 1358 1990 est
1373 1932 1441 1990 luna
1456 1931 1518 2004 XV,

383 2036 414 2092 et
428 2035 572 2106 requteuit
588 2035 618 2092 in
633 2037 717 2094 corde
733 2038 827 2094 terrae
842 2034 926 2091 XVI:
950 2035 1038 2092 tertio
1054 2035 1151 2092 antem
1167 2033 1213 2093 die
1228 2034 1297 2092 luna
1308 2033 1391 2091 XVII
1403 2035 1521 2093 iuuenta

385 2153 520 2195 rerrersns
537 2139 583 2195 est
597 2138 634 2195 ab
650 2136 752 2195 inferis
767 2137 803 2195 de
818 2139 912 2194 terrere
936 2136 1148 2194 fundamentis:
1179 2138 1209 2193 et
1235 2136 1277 2194 sic
1303 2136 1358 2207 ipsi
1385 2137 1464 2196 Adae
1491 2142 1521 2196 et

384 2239 516 2296 omnihus
532 2238 715 2296 credentibus
730 2238 761 2295 in
776 2254 807 2295 se
823 2238 952 2295 restituit
963 2237 1053 2296 uitam
1082 2240 1239 2294 aeternam.
1270 2240 1408 2308 quomodo
1423 2244 1520 2298 autem

385 2357 436 2412 per
451 2339 521 2398 selis
539 2356 651 2398 cursum
675 2338 813 2413 temperis
829 2338 943 2413 signnm
971 2344 1025 2395 ture
1051 2340 1080 2397 et
1107 2340 1221 2411 tempus
1244 2337 1387 2411 passionis
1402 2339 1521 2399 demeu-

352 2445 495 2503 ictuatum
511 2445 567 2512 est,
595 2444 636 2501 sic
663 2446 694 2501 et
719 2458 772 2515 per
787 2459 902 2500 cursum
925 2442 1010 2499 lunae
1033 2441 1137 2499 tertius
1153 2441 1214 2499 dies
1229 2441 1445 2499 resurrectionis
1460 2441 1521 2500 eius

386 2544 537 2602 euidenter
552 2545 685 2602 ostensus
700 2547 755 2602 est.
778 2543 858 2601 adia
869 2543 944 2602 enirn
961 2545 1054 2616 princ
1070 2544 1099 2601 in
1115 2559 1170 2615 quo
1186 2543 1264 2601 facta
1279 2545 1324 2601 est
1338 2543 1406 2601 luna
1421 2543 1522 2615 quinte

387 2647 497 2705 decima
512 2648 613 2706 exinde
627 2664 679 2720 per
695 2648 755 2705 dies
769 2647 821 2705 XV
836 2647 900 2705 ulsa
916 2646 1006 2705 estin
1023 2645 1118 2705 caelo:
1142 2647 1333 2705 sextodecimo
1348 2650 1443 2704 auteur
1465 2645 1522 2716 die,

386 2748 463 2807 sicut
472 2748 502 2806 iu
512 2765 586 2808 anno
594 2748 662 2808 XVI
672 2748 787 2821 imperii
795 2748 905 2806 rliberii
916 2747 1061 2818 Caesaris,
1077 2749 1160 2807 uelut
1171 2752 1348 2806 mertuanen
1363 2751 1407 2806 est
1418 2749 1455 2805 ab
1470 2750 1523 2806 hc·

386 2850 513 2909 minibus
529 2850 602 2921 uisa,
619 2850 754 2909 similiter
769 2851 798 2907 et
812 2850 894 2907 XVII
910 2851 957 2908 die
969 2867 1025 2907 neu
1037 2852 1083 2908 est
1095 2849 1168 2920 uisa,
1185 2849 1414 2922 duodeuigesimo
1428 2853 1524 2907 autem

350 2968 376 3008 re
387 2950 417 3008 in
432 2951 622 3010 similitudine
639 2950 711 3009 etin
727 2951 841 3009 nomine
856 2951 949 3024 ipsius
963 2951 1030 3010 Iesu
1046 2954 1076 3009 et
1092 2949 1156 3023 ipsa
1167 2952 1232 3023 pest
1255 2952 1372 3009 tertium
1397 2951 1469 3008 dieru
1486 2951 1522 3008 ad

387 3071 537 3126 uesperam
552 3054 690 3111 restituta
704 3053 870 3122 resurrexit,
887 3054 916 3109 et
931 3054 1060 3111 nestram
1076 3053 1202 3111 emnium
1228 3053 1461 3111 resurrectionem
1477 3050 1523 3108 lu·

388 3161 481 3215 turam
495 3156 532 3213 ad
548 3172 697 3228 uesperam
715 3155 744 3213 id
759 3159 804 3213 est
819 3155 849 3214 in
865 3154 1023 3213 neulssima
1038 3154 1148 3212 saeculi
1164 3156 1235 3213 hora
1250 3154 1466 3212 demonstrauit.

456 3458 566 3509 2scxtc
584 3455 697 3526 decime]
717 3456 798 3509 XVc
907 3455 1047 3508 3ann0b
1157 3453 1233 3507 XXX
1251 3459 1280 3506 et
1298 3470 1383 3506 unce
1451 3451 1524 3521 XVI]

387 3539 469 3596 xvc
562 3557 662 3596 annum
680 3545 708 3595 et
725 3542 811 3596 orrab
903 3540 1038 3608 tquibus
1056 3538 1154 3595 0000
1244 3541 1385 3594 tcursnm
1407 3554 1492 3592 cem

385 3643 434 3695 pro
451 3644 505 3681 una
523 3629 652 3681 litterale
750 3628 867 3679 Getau
886 3627 973 3679 crucis
992 3627 1102 3694 sIgnunr
1122 3628 1150 3677 et
1168 3625 1346 3678 manifestae
1443 3625 1526 3676 Itan

386 3712 482 3781 crucis]
501 3714 641 3766 crucemt
751 3712 1045 3765 ecce...l.9factu1n
1064 3726 1150 3763 cnm
1266 3711 1301 3762 10
1318 3711 1345 3762 et
1363 3708 1391 3761 id
1408 3723 1492 3762 ocae

386 3801 511 3870 uacuum]
530 3800 638 3852 unicum
657 3813 672 3853 c
777 3797 805 3850 in
823 3813 874 3851 ena.
892 3798 908 3849 b
1015 3795 1049 3848 12
1066 3795 1152 3848 altero
1170 3795 1270 3863 antem]
1290 3809 1357 3862 qnae
1375 3794 1460 3846 altere
1478 3808 1493 3845 c

386 3884 679 3952 necsquamosa
802 3885 835 3936 17
853 3897 975 3934 reuersus
993 3880 1045 3948 cst]
1064 3879 1220 3934 ascendite
1341 3879 1374 3932 18
1392 3880 1483 3931 autern
1502 3877 1527 3939 b,

387 3985 451 4038 ergo
470 3987 501 4026 ee
594 3971 627 4024 19
645 3970 710 4023 solis
729 3985 835 4022 cursum
853 3966 985 4034 temporis
1004 3967 1027 4029 b,
1045 3982 1152 4020 cursum
1171 3966 1236 4018 selis
1254 3981 1285 4019 ea
1377 3963 1410 4016 21
1430 3961 1526 4031 prime]

387 4055 537 4123 plurimae
648 4055 683 4108 22
701 4055 761 4124 XV]
780 4054 868 4108 XIIt
991 4053 1026 4106 23
1044 4057 1085 4106 cst
1104 4067 1189 4106 cnse
1312 4049 1347 4103 24
1364 4051 1392 4102 et
1410 4063 1494 4102 oenc

386 4138 431 4192 die
448 4139 534 4193 cm.b
628 4138 755 4193 xvnlc
848 4138 884 4192 25
902 4136 1111 4191 similitudinem
1129 4135 1205 4190 otiu
1224 4150 1352 4188 nomene
1449 4132 1528 4185 terti·

387 4241 431 4278 arn
450 4243 482 4281 ev
585 4225 619 4278 27
638 4226 667 4278 iu
685 4226 771 4281 crab
875 4223 1071 4277 monstrauitb
