3720 4920
618 334 666 390 De
683 333 947 404 Rebuptismatc
970 348 992 388 c.
1010 332 1088 388 4-6.
1381 336 1422 404 75

278 498 353 558 tenti
367 497 489 558 bomini.
514 499 565 555 aut
580 494 606 554 ei
622 494 695 554 dicis
709 493 873 555 huiusmodi
887 493 1033 554 hominem
1048 493 1161 553 aninum
1175 509 1233 553 non
1247 508 1331 564 posse
1346 493 1419 565 ficri,

278 600 411 661 omnibns
433 598 576 674 episcopis
597 598 721 656 sulutem
742 597 911 669 adimimus,
933 613 1004 670 quoe
1024 595 1067 654 ita
1089 595 1227 669 periculis
1248 613 1334 669 quam
1356 612 1420 656 cer·

278 701 400 761 tissimis
416 700 586 773 adstringis,
609 703 643 757 ut
663 699 796 759 omnibns
819 698 982 758 hominibus
997 697 1046 772 qui
1063 698 1116 757 snb
1131 713 1201 756 cura
1215 714 1313 757 eorum
1328 701 1420 772 agunt

279 807 309 863 ct
323 805 378 862 hec
393 807 480 876 etque
496 802 565 861 illac
580 801 720 876 dispersis
734 800 900 874 regionibus
914 800 1041 874 ipsorum
1062 799 1243 858 infirmantur
1262 816 1313 873 per
1327 803 1419 860 semet

258 904 358 979 sipeoe
385 904 540 964 subuenire
566 904 699 975 debeant,
726 904 795 977 qnia
818 902 907 962 ceteri
932 902 1062 963 homines
1088 901 1211 961 minores
1235 900 1348 961 clericis
1369 901 1420 975 qui

277 1007 481 1082 periclitantur
504 1007 559 1066 boc
580 1006 656 1065 idem
676 1007 824 1080 praestare
845 1022 903 1064 non
922 1004 1046 1078 possint,
1068 1019 1104 1063 nc
1120 1003 1353 1077 sanguineorum
1368 1001 1419 1078 qui

276 1110 360 1169 uacui
381 1111 416 1168 do
444 1109 558 1169 saeculo
585 1107 679 1168 exisse
702 1107 879 1167 uidebuntur
903 1107 939 1166 de
964 1124 1050 1166 manu
1077 1106 1273 1179 episcoporum
1299 1121 1418 1164 necesse

276 1212 385 1271 habeat
399 1211 519 1285 requiri.
542 1227 627 1284 porro
643 1212 750 1282 autom,
766 1212 871 1270 utnon
887 1208 1037 1282 ignoratis,
1054 1205 1237 1266 credentibus
1251 1205 1417 1266 homiuibus

276 1312 425 1373 inuenitur
450 1312 571 1387 spiritus
598 1315 716 1371 sanctus
737 1328 756 1371 a
777 1310 899 1372 Domino
928 1311 1013 1370 datus
1034 1309 1097 1369 sine
1119 1308 1293 1383 baptismate
1314 1326 1418 1383 aquae,

241 1437 267 1477 ro
276 1416 352 1475 sicut
366 1417 441 1475 actis
451 1416 646 1488 apostolorum
658 1414 823 1473 contiuetnr
833 1413 864 1472 in
875 1415 952 1473 bunc
963 1414 1093 1473 modurn:
1110 1413 1229 1471 adhuc
1242 1412 1417 1485 loquente

275 1517 386 1576 Petro
409 1517 523 1575 uerba
544 1517 634 1574 haec
655 1515 771 1575 irruit
793 1514 955 1588 spiritus
983 1517 1136 1573 sanctus
1160 1530 1272 1587 super
1294 1531 1418 1574 omnes

274 1618 334 1693 qui
356 1619 562 1677 erudiebant
584 1618 748 1688 uerbum,
772 1620 808 1676 ct
836 1615 1092 1689 obstupefacti
1114 1617 1201 1674 eunt
1223 1615 1285 1688 qni
1310 1620 1420 1675 erant

273 1736 314 1779 ex
350 1717 644 1779 circumcisione
682 1717 820 1776 fidelos
857 1720 1040 1791 quotquot
1082 1716 1191 1776 simul
1234 1720 1419 1777 uenerant

273 1836 348 1879 cum
370 1821 494 1894 Petro,
516 1819 604 1893 quia
626 1821 662 1878 et
683 1836 795 1892 snper
817 1822 949 1893 gentes
970 1821 1098 1880 donum
1114 1817 1417 1893 spiritussancti

240 1921 433 1982 rocfiusum
472 1925 538 1980 est.
577 1920 783 1980 audiebant
819 1921 912 1981 enirn
949 1937 1009 1980 eos
1042 1922 1240 1996 loquentes
1273 1920 1417 1996 linguis

273 2025 353 2083 suis
384 2025 420 2082 ct
448 2023 751 2097 magnificabunt
773 2024 891 2082 Deum.
924 2025 1014 2082 tunc
1046 2023 1244 2097 respondit
1266 2025 1415 2084 Petrus:

273 2125 449 2198 numquid
471 2124 616 2198 aliquis
638 2142 766 2198 aquam
789 2125 987 2198 prohibere
1009 2128 1136 2198 potest
1151 2127 1269 2184 utnon
1292 2125 1415 2199 bapti·

274 2230 403 2287 zentur
434 2227 505 2285 isti
527 2226 590 2299 qui
614 2226 789 2298 spiritum
820 2230 986 2287 sanctum
1014 2230 1238 2300 acceperunt
1259 2227 1359 2286 sicut
1381 2231 1418 2286 et

272 2332 357 2388 nos?
381 2330 418 2385 et
440 2327 640 2400 praecepit
662 2343 723 2386 ecs
745 2328 1244 2401 baptizariinnominelcsn
1261 2329 1415 2388 Christi.
1527 2314 1535 2326 ’

238 2429 352 2489 msicut
377 2430 463 2488 etiam
487 2430 562 2487 idem
586 2430 692 2488 Petrus
717 2430 899 2502 postmodum
922 2431 957 2488 de
978 2431 1085 2490 eisdem
1099 2431 1235 2504 gentibus
1249 2431 1416 2506 plenissime

274 2532 371 2592 docuit
395 2549 447 2592 noe
472 2533 586 2591 dicens:
619 2535 656 2591 et
677 2531 776 2591 nihii
806 2533 992 2593 discrerit
1022 2535 1120 2593 inter
1147 2551 1211 2594 nos
1234 2536 1270 2593 ct
1297 2535 1415 2609 ipsos,

273 2633 353 2692 iide
375 2634 587 2693 emundatis
610 2633 791 2694 cordibus
813 2651 942 2695 eornm.
968 2638 1054 2709 atquc
1077 2637 1132 2696 hoc
1153 2653 1211 2695 non
1226 2637 1282 2695 erit
1297 2637 1415 2696 dubium

272 2736 304 2795 in
327 2734 432 2810 spiritu
455 2738 556 2796 sancto
578 2735 710 2796 homines
730 2752 814 2811 posse
840 2736 901 2797 sinc
923 2754 997 2812 aqua
1018 2737 1170 2812 baptizari,
1193 2739 1269 2798 sicut
1284 2739 1414 2799 mimcd·
1504 2805 1505 2808 Ἴ

272 2838 364 2897 uentis
385 2838 547 2910 baptizatos
570 2839 623 2896 bos
644 2838 727 2910 prius
743 2855 829 2912 quam
844 2856 919 2912 aqua
934 2839 1149 2914 baptizarentur
1163 2843 1197 2899 ut
1212 2841 1368 2900 satisfieret
1383 2843 1416 2902 et

238 2938 392 3000 eeloannis
413 2940 443 2997 et
464 2938 556 3013 ipsius
578 2935 696 2999 Domini
716 2940 993 3014 praedicationibus,
1014 2942 1245 3017 quandoquidem
1259 2944 1290 3001 et
1304 2942 1337 3001 hi
1351 2942 1414 3002 sine

271 3058 375 3100 manus
401 3041 584 3115 impositione
611 3041 806 3114 apostolorum
830 3045 860 3101 et
880 3044 943 3103 sine
963 3045 1077 3104 lauacro
1098 3044 1175 3117 quod
1195 3046 1296 3118 postea
1315 3045 1413 3118 adepti

272 3145 341 3203 sunt
362 3141 488 3216 gratiam
510 3142 744 3215 repromissionis
767 3145 931 3218 acceperint
945 3149 975 3204 et
996 3144 1039 3205 sic
1053 3145 1151 3219 paullo
1167 3147 1234 3205 ante
1250 3144 1414 3205 emundatis

273 3244 406 3305 cordibus
433 3261 531 3308 eorum
546 3244 625 3304 Deus
640 3263 692 3320 per
718 3245 803 3306 fldem
829 3247 955 3321 ipsorum
981 3248 1067 3308 etiam
1094 3247 1291 3308 remissionem
1312 3264 1414 3322 pecca-

271 3347 367 3406 torum
389 3346 476 3405 simul
497 3347 540 3406 eie
564 3347 689 3422 largitus
711 3349 760 3419 sit,
787 3351 821 3407 ut
835 3350 890 3409 boc
909 3349 1001 3410 solum
1016 3350 1058 3409 eis
1073 3348 1220 3423 baptisma
1234 3349 1414 3423 subsequens

239 3449 464 3522 copreestiterit,
487 3451 520 3507 ut
541 3449 753 3510 inuocationem
768 3467 880 3525 quoque
894 3451 1017 3511 nominis
1032 3451 1100 3511 Iesu
1116 3451 1223 3511 christi
1239 3452 1412 3526 acciperent,

272 3549 393 3623 nequid
410 3550 452 3609 eis
469 3551 570 3609 deesse
586 3551 736 3611 uideretur
751 3553 788 3611 ad
803 3552 1000 3627 integritatem
1015 3552 1171 3613 ministerii
1187 3557 1216 3613 et
1232 3554 1307 3614 fidei.

315 3650 396 3721 Quod
418 3652 506 3711 etiam
528 3653 702 3713 econtrario
723 3653 814 3714 latere
834 3657 975 3716 tractatus
997 3656 1083 3715 huius
1104 3657 1174 3715 snut
1195 3656 1340 3716 consecuti
1355 3655 1442 3730 ipsio

270 3751 316 3812 iili
328 3753 465 3827 discipuli
476 3754 592 3814 Domini
604 3756 707 3829 nostri,
724 3774 810 3830 super
822 3775 893 3832 quoe
904 3758 961 3818 ium
973 3758 1083 3832 pridem
1094 3759 1257 3832 baptizatos
1269 3762 1413 3834 postremo

340 3950 375 4006 10
391 3952 452 4006 noe.
464 3940 497 4014 ι’,
515 3951 629 4029 es-eq
734 3953 768 4009 ιι
786 3954 848 4010 nu.
868 3956 909 4021 ιι,
928 3956 952 4012 c.

340 4138 461 4193 ocioso
473 4138 542 4204 fon.
614 4138 806 4195 cernebantur
819 4141 883 4212 nep.
953 4142 1070 4198 coruom
1082 4158 1133 4198 on.
1146 4144 1208 4215 ne.
1278 4145 1314 4201 no
1331 4145 1411 4217 ens]
1514 4101 1519 4123 ’

268 4222 335 4277 baec
348 4223 410 4294 Rip.
481 4223 517 4277 et
529 4226 558 4278 et
571 4224 611 4278 sic
622 4224 714 4292 paullo
728 4230 791 4279 ante
803 4226 956 4281 emundatis
975 4228 1121 4293 Balesium,
1140 4234 1168 4283 et
1186 4231 1327 4284 inundatis
1339 4231 1414 4300 Rip„

267 4309 296 4362 ot
313 4309 467 4365 emundetis
489 4307 580 4365 Omen.
685 4310 720 4364 31
737 4312 860 4382 mysterii
877 4312 941 4368 {idei
957 4315 1039 4382 form
1056 4315 1091 4382 cf.
1105 4332 1171 4387 paq.
1188 4319 1232 4382 81,
1248 4319 1287 4373 20
