3720 4920
305 293 462 363 ,arn

386 443 459 499 aaa
501 443 810 532 „eademnam
887 443 1129 511 sarmenta
1203 429 1380 501 1111111131
1453 461 1521 516 qtae

384 529 541 600 modolquc
621 529 1048 601 ptltoctubooonditcnosom.
1136 531 1322 601 retemptat
1403 537 1520 588 ilicone·

385 615 519 669 morubon

390 743 500 813 VDe
520 748 834 830 rebapttmnate.
856 748 984 815 libellus
1001 748 1112 814 oontm
1125 746 1314 833 cyprianum
1335 768 1355 814 a
1370 745 1518 831 Stephani

386 857 488 924 amico
507 859 704 943 conscriptus
718 880 747 926 a.
764 861 847 928 1648
866 861 1006 942 primum
1020 880 1040 926 a
1052 859 1194 944 Rigaltio
1216 859 1319 925 editus
1335 862 1393 926 est.
1420 859 1520 925 edidit

386 987 461 1034 uero
478 969 524 1034 ad
545 966 761 1055 apographum
783 972 865 1054 qnod
890 989 927 1036 ex
949 970 1054 1037 codice
1073 969 1105 1035 S.
1122 969 1262 1054 Remigii
1276 969 1439 1036 Remensis
1454 968 1520 1034 Sir·

387 1079 522 1145 mondus
538 1079 715 1147 confecerat
728 1098 790 1146 non
805 1100 842 1146 ea
856 1099 918 1164 qua
932 1081 1061 1146 unicum
1075 1079 1214 1146 codicem
1230 1080 1373 1145 excutere
1387 1078 1521 1145 debebat

387 1188 554 1275 diligentia
568 1190 663 1273 atque
678 1205 761 1256 cura
776 1190 940 1257 nonnullos
954 1190 1049 1256 huius
1060 1189 1230 1274 apographi
1242 1206 1359 1254 errores
1369 1189 1520 1255 Balnaiue

387 1300 441 1382 qni
452 1301 524 1381 post
535 1298 735 1365 sirmondum
749 1287 887 1366 codicem
901 1300 1017 1365 iterum
1032 1299 1167 1365 contulit
1180 1299 1322 1365 correxit.
1339 1300 1394 1364 sed
1409 1300 1516 1364 dolen·

387 1407 463 1474 dum
486 1411 535 1476 est
554 1429 627 1475 eum
647 1429 709 1476 non
729 1410 894 1496 diligenter
914 1411 1086 1489 adnobsae,
1108 1413 1216 1476 utrum
1237 1429 1315 1493 quae
1331 1411 1454 1476 diuersa
1467 1427 1521 1475 ex-

385 1519 491 1585 hibuit
516 1517 561 1584 sic
586 1520 620 1585 in
645 1520 749 1586 codice
773 1519 964 1586 amtitiasent
987 1539 1027 1586 an
1053 1520 1228 1586 coniectura
1253 1521 1355 1585 essent
1380 1519 1516 1585 inuecta.

385 1627 442 1693 baa
461 1626 691 1710 discrepantias
711 1630 829 1714 legenti
853 1630 1069 1696 diiudicandae
1090 1629 1125 1695 in
1139 1631 1340 1696 adnotatione
1361 1629 1516 1713 proposui.

386 1738 525 1804 codicem
539 1738 646 1821 ipsum
660 1739 780 1805 frustra
793 1758 813 1804 a
825 1740 996 1805 molismis
1011 1740 1189 1822 quaesitum
1205 1758 1278 1805 cum
1292 1737 1517 1805 uetustissimis

386 1847 476 1913 illius
496 1848 706 1914 bibliothecae
726 1848 817 1915 libris
836 1849 981 1915 incendio
995 1847 1134 1915 deletum
1149 1866 1216 1914 esse
1230 1851 1317 1930 puto.
1334 1884 1376 1896 ·-
1390 1847 1436 1913 VI
1449 1851 1517 1916 Dc

387 1962 657 2027 aleatoribus.
688 1960 781 2026 buius
810 1959 883 2024 libri
913 1959 1034 2026 codices
1061 1959 1215 2043 quotquot
1242 1959 1367 2025 exstant
1395 1978 1432 2025 ex
1457 1978 1518 2026 unc

388 2072 518 2138 alterius
539 2071 681 2138 familiae
695 2071 861 2155 archetypo
876 2069 1115 2154 interpolatione
1130 2069 1169 2135 ab
1181 2070 1301 2153 origine
1316 2068 1520 2153 degenerante

374 2161 552 2265 *propagati
579 2181 661 2246 sunt.
687 2199 760 2246 nam
786 2181 863 2262 qnin
888 2179 983 2244 codex
997 2178 1183 2244 Parisiensis
1208 2176 1314 2244 13047
1331 2178 1399 2267 (D),
1425 2198 1519 2262 quem

388 2290 536 2372 conplura
555 2291 672 2372 scripta
692 2290 763 2355 inde
783 2289 1032 2373 transscripsisse
1046 2308 1141 2373 supra
1153 2309 1185 2373 p.
1201 2288 1295 2354 XXII
1310 2288 1384 2369 dixi,
1408 2291 1440 2357 et
1452 2289 1520 2374 ipse

389 2401 522 2467 adbanc
534 2402 690 2486 originem
705 2400 821 2479 redeat,
836 2401 970 2466 intanto
983 2418 1129 2466 uerorum
1145 2399 1357 2483 falsorumque
1372 2419 1519 2466 consensu
1578 2426 1581 2431 ·

388 2509 521 2575 dubium
544 2529 604 2575 non
629 2512 686 2575 est.
710 2496 743 2574 in
765 2509 978 2575 emendatione
993 2509 1027 2573 id
1040 2510 1186 2594 inprimis
1209 2510 1519 2575 animaduertendum

389 2621 446 2704 est,
467 2621 549 2701 qnod
571 2619 706 2685 editores
721 2637 826 2685 omnes
841 2619 959 2703 fugisse
975 2620 1109 2698 mireris,
1130 2620 1277 2685 libellum
1293 2638 1431 2686 sermone
1444 2621 1520 2684 uul-

389 2729 456 2814 gari
477 2729 687 2812 conscriptum
701 2748 777 2808 esse,
799 2730 886 2795 cuius
900 2729 1037 2813 uestigia
1052 2728 1235 2795 oblittera-ta
1249 2731 1283 2795 in
1298 2729 1520 2796 recentioribus

388 2837 546 2904 codicibus
570 2838 827 2905 mmilatieeime
851 2838 943 2904 modo
964 2838 999 2903 in
1020 2839 1079 2903 boc
1102 2840 1194 2904 modo
1216 2840 1249 2903 in
1271 2840 1329 2903 illo
1350 2838 1519 2919 antiquiori

388 2948 547 3033 apparent,
563 2947 653 3013 uelut
664 2947 692 3013 Δ
705 2948 780 3028 9911
797 2948 955 3030 duplicem
969 2967 1008 3014 oc
1021 2949 1184 3031 geminum
1198 2950 1320 3038 minen
1335 2949 1518 3028 admittent,

390 3059 507 3137 101,18
528 3059 573 3123 ud
587 3060 796 3125 nocentiorem
816 3060 957 3125 studium
979 3059 1149 3143 (11918),
1172 3061 1290 3139 100,10
1309 3081 1332 3125 a
1346 3060 1398 3124 dci
1416 3079 1521 3125 aeruca

388 3168 480 3252 longe
492 3170 536 3234 sit
549 3169 680 3236 seicnea
695 3169 748 3257 (cf.
768 3170 902 3250 103‚1l;
923 3170 1035 3250 99‚18;
1059 3171 1177 3256 1023),
1199 3172 1274 3256 9112
1288 3172 1345 3237 aab
1359 3188 1521 3236 csencnnn

388 3278 580 3363 multiformi
600 3299 739 3361 numero,
762 3279 879 3360 101‚14
898 3298 930 3344 sc
949 3279 1118 3361 dcwnnnt,
1136 3286 1347 3362 parentorum
1366 3281 1521 3364 originem

388 3389 583 3455 dehonorant
598 3390 650 3472 (ci.
667 3390 778 3470 98,14;
803 3390 913 3468 100,9;
935 3390 1046 3468 94,10;
1063 3392 1183 3473 9113).
1198 3429 1242 3439 -
1257 3392 1319 3457 Vll
1334 3395 1402 3459 Dc
1417 3395 1519 3458 dno-

389 3503 466 3568 bcea
487 3502 700 3568 montibus
722 3500 845 3581 (Statu
867 3509 906 3567 ct
922 3501 1052 3584 Mon).
1074 3501 1126 3567 hio
1149 3502 1304 3568 mactatus
1319 3503 1352 3570 et
1366 3504 1427 3569 dno
1448 3523 1520 3587 pro·

388 3614 465 3678 rimi
479 3614 568 3679 nulla
582 3614 646 3678 alia
656 3614 695 3679 de
706 3632 798 3678 causa
807 3614 840 3679 in
853 3613 982 3678 alterins
1001 3612 1143 3679 familiae
1158 3613 1376 3680 collectionem
1390 3634 1518 3698 operum

388 3723 642 3809 Cyprianiccrum
662 3724 778 3808 recepti
798 3743 865 3791 esse
884 3725 1042 3804 uidentur,
1058 3742 1154 3808 quam
1167 3725 1242 3806 quia
1257 3725 1451 3792 celeberrimi
1466 3743 1518 3792 ex-

388 3836 515 3901 stabant
536 3835 683 3919 Cypriani
705 3836 761 3901 Aa
784 3834 961 3910 Quirinum
983 3834 1058 3900 libri
1080 3836 1177 3919 uulgo
1198 3835 1364 3900 Aduersus
1384 3836 1520 3901 Inducea

387 3946 541 4028 inscripti.
568 3946 729 4030 archetypi
753 3945 970 4030 integritatem
996 3944 1092 4010 etiam
1116 3942 1149 4009 in
1170 3945 1220 4010 his
1244 3945 1379 4012 codexT
1401 3946 1519 4029 optime

389 4057 543 4135 seruauit3
567 4076 662 4139 quare
686 4077 757 4123 eum
779 4055 937 4139 imprimis
961 4056 1151 4138 sequendum
1174 4074 1241 4122 esse
1263 4058 1371 4122 statui.
1395 4075 1431 4120 ea
1445 4076 1519 4123 nero

387 4167 553 4253 integritas
567 4167 602 4232 in
616 4169 752 4234 mactatu
768 4168 819 4232 Dc
832 4166 950 4232 dabbato
969 4166 1128 4232 nwntibna
1147 4167 1391 4236 oabbalistarum
1406 4167 1519 4233 delira·
