3720 4920
409 328 508 377 LXXX

408 469 477 530 erat
503 465 591 547 apud
616 486 665 532 nse
688 465 785 531 boiens
808 486 925 549 qnopeoe
948 469 1097 550 epistotae
1123 468 1178 557 (21
1205 468 1300 554 dicit)
1324 470 1365 534 in
1387 471 1548 539 codicibus

389 574 529 667 'danen
555 576 742 657 tamtarn,
770 578 824 642 sed
848 578 929 643 mne
952 584 1143 661 comptam.
1173 580 1323 662 epistulas
1348 600 1422 647 uero
1446 599 1547 650 nonas·

407 685 570 752 Latinium
594 705 631 752 ex
652 687 809 754 codicibus
834 687 1029 772 interpolatis
1055 690 1103 756 ita
1127 689 1308 757 emendasse
1332 692 1370 756 ut
1391 690 1483 756 modo
1504 711 1544 759 ex

407 795 476 882 hoc·
485 796 579 861 modo
594 815 631 861 ex
644 797 701 862 illo
716 816 795 880 quae
808 801 883 881 apta
897 799 1080 865 uiderentur
1093 800 1234 884 eligeret,
1257 800 1386 886 grauius
1400 803 1544 884 corrupta

407 904 505 971 etiam
527 908 689 990 resecaret,
716 907 865 973 nonnulla
885 908 1062 975 coniectura
1081 911 1228 991 tentaret,
1250 930 1323 977 mea
1344 912 1545 979 adnotatione

407 1033 480 1080 cum
503 1016 593 1082 illins
619 1016 755 1084 editione
781 1021 959 1102 comparata
983 1020 1071 1086 nullo
1092 1021 1219 1105 nogotio
1241 1022 1372 1105 quisque
1391 1023 1542 1101 inueniet,

406 1125 515 1191 nullus
539 1127 700 1211 probabit:
726 1147 800 1195 nam
825 1130 1010 1196 recentiores
1036 1130 1155 1197 codices
1181 1148 1288 1197 omnes
1312 1131 1367 1214 qui
1391 1131 1547 1214 epistulas

405 1235 480 1302 illas
501 1237 660 1304 continent
674 1257 711 1304 ex
724 1257 786 1304 uno
805 1239 886 1305 libro
904 1238 1031 1306 fiumsse
1052 1260 1148 1324 supra
1161 1241 1206 1333 (p⁷
1220 1240 1325 1306 XLVI
1339 1241 1399 1324 sq.)
1414 1241 1546 1307 demon-

406 1346 543 1412 stratum
570 1349 628 1413 eet.
656 1367 750 1430 quare
775 1348 945 1431 scripturas
969 1348 1172 1416 Manutianaa
1196 1351 1353 1435 plerisque
1380 1351 1458 1416 locis
1485 1369 1544 1434 per

406 1455 544 1540 reliquas
572 1459 724 1525 editiones
751 1460 938 1544 propagatas
965 1477 1027 1526 non
1056 1461 1214 1527 annotani.
1252 1461 1391 1528 ceterum
1420 1461 1546 1529 codices

406 1567 563 1634 aLatinio
585 1570 742 1636 adhibitos
765 1570 842 1636 duos
863 1589 915 1635 me
935 1572 1065 1636 nactum
1086 1589 1152 1636 esse
1171 1574 1259 1655 puto.
1283 1572 1322 1636 de
1344 1588 1404 1635 uno
1423 1588 1474 1636 res
1492 1573 1542 1637 est

406 1677 591 1757 certissima,
607 1677 794 1746 Vaticanum
809 1677 861 1769 (φ)
877 1679 946 1746 dico
959 1699 990 1745 n.
1008 1680 1081 1762 199,
1102 1681 1192 1746 cuius
1205 1680 1354 1745 lectiones
1369 1679 1403 1744 in
1417 1678 1545 1744 Bablio-

405 1785 494 1852 snae
518 1807 614 1852 saera
634 1788 753 1871 passim
775 1790 944 1871 exscriptae
966 1789 1144 1867 occurrunt3
1170 1790 1252 1855 alter
1272 1789 1352 1854 mihi
1374 1789 1540 1855 Monacen-

405 1895 450 1960 sis
476 1893 528 1982 (μ)
555 1896 691 1974 uidetur,
721 1898 775 1980 qui
801 1889 832 1962 ‘a
856 1897 970 1964 Ioanne
998 1898 1125 1964 Troster
1153 1898 1294 1965 Venetiis
1323 1898 1542 1966 adartalario

406 2004 540 2088 casparo
563 2025 643 2072 anno
667 2007 750 2072 1462
774 2008 889 2073 ultima
911 2008 994 2073 lunii
1015 2026 1071 2089 pro
1092 2007 1158 2072 XII
1181 2009 1304 2074 ducatis
1324 1997 1459 2091 emptus'
1482 2009 1543 2074 est.

406 2117 488 2180 certe
502 2135 538 2181 er
550 2134 585 2181 oo
596 2119 648 2184 uel
662 2119 729 2183 eius
743 2117 919 2201 apographo
932 2117 1051 2183 librum
1065 2116 1117 2183 De
1129 2118 1317 2198 spectaculis
1331 2119 1363 2182 et
1378 2117 1539 2200 Cbpnnni

404 2226 509 2290 anan
531 2245 594 2306 per
621 2226 774 2292 Pontiano
803 2228 871 2292 eins
897 2227 1067 2292 diceneum
1099 2229 1220 2310 primus
1255 2228 1357 2293 edidit
1384 2228 1541 2294 Latinius.

405 2335 535 2400 maioris
548 2337 700 2402 momenti
714 2336 810 2403 editio
822 2339 870 2402 est
881 2336 914 2401 in
925 2336 1055 2419 reliquis
1070 2336 1214 2419 operibus
1225 2334 1372 2420 Cypriani
1386 2338 1545 2420 genuinis*

405 2460 538 2526 quorum
558 2445 599 2510 ad
613 2445 860 2512 emendationem
880 2445 1097 2511 uetustissima
1116 2445 1305 2528 exemplaria
1325 2449 1546 2530 congesserant

406 2556 439 2620 et
453 2553 599 2620 latinius
614 2557 646 2621 et
661 2554 789 2621 Carolus
801 2556 1016 2633 Borromaens‚
1042 2556 1131 2622 cuius
1147 2556 1186 2622 de
1200 2575 1293 2639 opera
1306 2557 1340 2621 in
1352 2556 1546 2637 praefatione

405 2664 446 2730 ed
462 2665 569 2748 ipsum
583 2666 701 2749 scripta
715 2667 790 2732 haec
804 2664 973 2732 habentur:
988 2669 1206 2746 praestantem
1216 2665 1261 2730 ad
1271 2666 1346 2732 bene
1359 2666 1543 2732 merendum

406 2779 543 2840 naturae
566 2777 812 2856 propassiones
839 2776 1052 2858 opnosoebarn,
1081 2775 1137 2857 pai
1165 2780 1249 2840 totns
1274 2777 1312 2840 in
1336 2795 1407 2839 eam
1431 2794 1546 2841 anam

405 2883 597 2962 innocens,
611 2888 648 2949 at
661 2884 770 2948 omnia
787 2882 946 2966 Cypriani
960 2884 1090 2965 scripta,
1104 2885 1230 2950 nwndis
1243 2889 1341 2950 anna
1354 2885 1540 2978 damnata,

404 3013 493 3058 nnnc
512 2995 552 3058 in
569 2998 703 3060 masan
720 2993 815 3057 eitam
835 2993 1049 3076 intepritatorn
1062 3014 1100 3059 ac
1114 2994 1256 3074 speciant
1275 2995 1424 3060 oecersito
1444 2994 1544 3058 etiam
1675 2974 1679 2982 ⁹

414 3103 538 3169 Verona
557 3104 660 3170 mirae
673 3104 839 3169 mactate
852 3104 1037 3184 monteri,
1057 3109 1209 3170 acwrata
1223 3103 1381 3169 doctorem
1395 3105 1541 3168 nirorrnn

404 3212 572 3278 indnstria
590 3214 837 3280 restituerentur.
863 3213 904 3279 ad
919 3214 1127 3280 Veronensem
1142 3214 1396 3279 uetustissimum
1410 3213 1546 3280 accessit

404 3326 644 3391 Beneuentanus
668 3325 720 3389 uel
739 3324 962 3406 Neapolitanus
985 3324 1176 3407 optimorum
1197 3344 1289 3391 nnus.
1315 3326 1404 3391 tortu
1425 3324 1465 3390 ad
1484 3323 1541 3390 lios

404 3437 550 3500 accurate
584 3436 737 3518 castigato
767 3453 838 3500 cum
864 3433 1009 3499 latinius
1039 3435 1147 3498 conus
1175 3433 1363 3517 scriptorum
1390 3433 1543 3498 librorum
1580 3458 1583 3462 ·

314 3621 316 3625 ¹
404 3544 500 3610 fidem
519 3547 672 3612 nonnulla
692 3546 823 3624 namna,
843 3546 949 3627 aliqua
968 3544 1087 3623 addita,
1111 3544 1358 3627 quamplurima
1372 3543 1542 3634 immutata

404 3654 538 3740 uideret,
567 3674 680 3722 nomen
704 3675 797 3723 suum
821 3656 856 3720 in
881 3655 1017 3721 editione
1031 3673 1051 3720 a
1065 3655 1209 3720 Manutio
1233 3670 1296 3719 non
1318 3671 1447 3735 passum
1473 3659 1544 3718 esse

404 3765 541 3832 adscribi
570 3766 700 3849 ipsein
729 3764 864 3847 epistula
892 3764 932 3828 ad
956 3764 1103 3844 blasium,
1134 3764 1223 3829 cuius
1251 3764 1348 3828 uerba
1375 3781 1411 3858 p.⁸
1428 3763 1459 3827 X
1483 3782 1537 3828 er-

355 3901 358 3908 ’
404 3877 526 3961 scripsi,
541 3878 648 3943 nanas
661 3877 694 3943 et
708 3874 810 3943 Caroli
825 3875 1028 3942 vicecomitis
1041 3875 1168 3941 litterae
1183 3873 1302 3960 (none
1316 3867 1359 3938 15
1373 3873 1410 3937 di
1426 3873 1542 3938 Tranio

408 3985 531 4050 XXII.
548 3983 678 4069 Ginpno
698 3986 732 4050 in
751 3985 875 4050 Balunii
890 3984 1030 4049 Misaell.
1053 3985 1100 4051 od.
1120 3984 1224 4048 Mansi
1244 3984 1295 4047 III
1317 4003 1347 4070 p‚
1368 3982 1447 4070 472)
1470 4000 1544 4047 con·

403 4096 542 4163 firmant.
569 4097 645 4163 inde
667 4097 733 4162 iam
754 4096 843 4181 patet
864 4096 898 4161 in
918 4095 1104 4161 Manutiana
1124 4095 1262 4161 editiom
1277 4093 1465 4185 Veronensis
1488 4095 1543 4160 de-

404 4208 521 4291 perditi
542 4208 714 4292 scripturae
735 4207 897 4290 conplures
918 4206 1016 4272 latero
1036 4223 1115 4288 quas
1130 4223 1237 4270 eruere
1251 4204 1339 4269 nullo
1353 4204 1445 4270 modo
1459 4203 1545 4273 licet.
