3720 4920
685 406 731 460 De
747 405 878 474 duplici
896 405 1067 474 martyrio
1086 422 1106 459 c.
1126 405 1202 460 5-7.
1451 407 1516 474 225

375 565 502 638 corporis
532 565 651 636 sanguis
682 567 712 622 et
740 580 815 636 aqua
844 564 974 637 profluit,
1006 566 1038 621 ut
1066 562 1264 623 absolueretur
1293 565 1397 638 triplex
1428 564 1513 622 testi-

374 666 509 727 mouium.
559 668 651 725 totum
689 665 790 724 elludit
834 665 966 740 spiritum
1006 669 1039 726 ut
1079 683 1131 726 nos
1170 667 1391 741 respiraremus:
1430 669 1517 741 quid-

375 769 444 845 quid
470 773 534 829 erat
559 768 687 827 humoris
715 769 800 841 aquei
826 768 982 842 reliquum,
1012 769 1154 844 expressit
1179 773 1213 829 ιιι
1233 786 1286 830 nos
1315 769 1512 830 ablueremur:

304 873 306 877 ’
375 871 515 947 quidquid
544 871 692 931 resederat
721 870 751 928 in
781 872 866 931 eorde
896 871 1061 946 sanguinis,
1093 871 1190 932 emisit
1219 873 1251 931 ut
1280 889 1333 934 uos
1363 873 1515 931 confirma·

354 989 479 1034 iromus
517 977 604 1047 atquo
636 973 714 1032 hand
746 972 804 1032 scio
839 990 876 1031 au
912 990 1060 1047 perperam
1101 973 1206 1034 leuium
1242 975 1314 1034 haec
1349 975 1406 1033 tria
1442 975 1518 1033 inter

376 1094 407 1136 ss
431 1076 593 1148 conferens,
624 1094 687 1135 cum
710 1074 770 1133 sint
800 1093 887 1134 unum
909 1094 966 1135 non
995 1080 1100 1135 natura
1121 1077 1173 1136 sod
1196 1078 1227 1135 in
1248 1077 1395 1151 mysterio.
1421 1077 1446 1134 si
1461 1094 1519 1152 qua

376 1182 472 1239 tamon
487 1183 533 1238 ost
548 1179 695 1253 discretio,
717 1180 835 1252 sanguis
850 1179 880 1237 in
896 1181 1125 1239 testimoniorum
1148 1179 1258 1239 ratione
1274 1180 1454 1254 potissimum
1470 1197 1517 1239 eo·

378 1280 516 1352 lucratur,
540 1282 616 1355 quod
631 1281 661 1339 in
678 1283 732 1340 hoc
755 1281 899 1354 scriptura
914 1282 1039 1340 testetur
1063 1299 1126 1341 esse
1142 1283 1232 1340 uitam
1247 1282 1414 1353 animantis,
1438 1287 1467 1340 et
1482 1282 1519 1340 ob

380 1383 409 1441 id
424 1400 442 1443 a
456 1382 529 1442 cibis
552 1382 776 1443 submonebatur
797 1382 891 1443 edicto
912 1384 1002 1456 legis:
1026 1386 1175 1457 praeterea
1195 1385 1290 1458 magis
1311 1387 1357 1442 est
1372 1383 1520 1457 expositus
1581 1446 1583 1451 ,

345 1486 525 1545 rohominum
541 1484 632 1544 oculis
648 1486 767 1558 sanguis
783 1502 869 1557 quam
885 1487 1005 1558 spiritus
1021 1489 1071 1544 aut
1085 1504 1169 1561 aqua.

424 1588 494 1649 Vita
516 1586 642 1661 Domini,
666 1588 715 1662 qui
738 1606 865 1648 summus
888 1588 946 1649 luit
967 1592 1076 1664 martyr
1098 1592 1203 1664 quoique
1218 1592 1248 1649 st
1263 1591 1347 1649 hodie
1362 1593 1474 1664 pugnat
1489 1591 1546 1648 etl

380 1691 470 1751 uincit
490 1691 521 1748 in
549 1691 739 1764 martyribus,
765 1691 897 1763 plurimis
920 1692 976 1749 luit
997 1691 1178 1750 offendiculo.
1201 1709 1258 1750 non
1280 1692 1338 1750 iam
1360 1693 1460 1765 loquor
1484 1693 1519 1750 de

380 1791 546 1850 Pharisaeis
578 1797 608 1850 et
635 1792 748 1863 scribis,
772 1791 844 1863 ipsis
870 1792 955 1850 etium
982 1794 1113 1866 cognatis
1128 1810 1161 1852 ac
1188 1793 1329 1852 fratribus
1353 1793 1409 1852 fuit
1440 1793 1520 1850 dote·

381 1894 506 1965 stabilis,
531 1911 595 1952 cum
610 1893 738 1952 dicerent
753 1893 879 1952 illumin
906 1895 1030 1953 intorem
1050 1912 1180 1954 uersum:
1205 1895 1256 1953 sed
1276 1912 1353 1954 mors
1371 1896 1451 1954 illius
1466 1913 1522 1953 non

348 2012 373 2054 ιι
383 1995 475 2057 solum
489 1995 556 2069 piis,
583 1995 633 2053 sed
648 1995 745 2067 impiis
761 1996 849 2055 etiam
865 1995 922 2055 luit
936 1995 1126 2067 admirabilis,
1149 2014 1201 2055 nec
1224 1996 1296 2054 alibi
1310 1997 1404 2070 magis
1420 2014 1519 2055 uerum

382 2097 439 2156 fuit
464 2099 540 2170 quod
567 2096 620 2156 Dei
642 2098 767 2156 uirtus
790 2098 827 2155 in
850 2098 1080 2156 infirmitate
1109 2098 1320 2169 perficitur.
1361 2099 1401 2156 ibi
1430 2098 1523 2157 fracto

384 2203 430 2259 est
454 2203 572 2259 satanae
595 2201 736 2274 tyrannis,
755 2198 793 2257 ibi
817 2199 924 2258 deuicti
940 2204 1008 2258 sunt
1022 2200 1119 2273 inferi,
1144 2200 1186 2259 ibi
1202 2200 1411 2273 triumphatum
1426 2205 1471 2259 est
1486 2202 1521 2259 de

386 2302 510 2373 diabolo,
539 2302 580 2359 ibi
596 2302 723 2360 deiectus
739 2318 831 2370 orcus,
861 2303 971 2360 ιιιιιιιιι
986 2304 1126 2375 apertum.
1149 2303 1284 2360 nimirum
1300 2304 1432 2361 hocerat
1447 2305 1522 2376 quod

385 2403 514 2462 instante
530 2405 632 2462 mortis
651 2407 779 2477 temporo
795 2405 1000 2476 deprecebatur
1016 2403 1170 2463 Dominus:
1194 2407 1321 2477 pater,
1345 2404 1524 2463 clarifice

350 2505 510 2566 utilium
545 2509 663 2578 tuum,
698 2509 737 2564 ut
771 2506 880 2564 filius
910 2509 996 2564 tuns
1024 2506 1285 2565 clarificetto.
1325 2506 1393 2579 quid
1409 2506 1522 2565 homine

384 2612 496 2668 mortuo
522 2609 720 2667 contemtius?
744 2609 810 2681 quis
835 2608 910 2667 euim
928 2609 973 2666 uel
989 2608 1139 2668 Caesarem
1154 2613 1296 2666 mortuum
1313 2607 1446 2667 metuat?
1469 2609 1519 2667 sed

384 2709 492 2769 christi
520 2713 611 2767 morto
639 2709 708 2783 quid
735 2709 902 2767 efficacius?
931 2710 1023 2768 rislum
1051 2709 1152 2782 templi
1179 2710 1303 2768 scissum
1318 2710 1363 2768 est
1377 2725 1395 2768 a
1409 2725 1520 2768 summo

385 2829 474 2886 usque
496 2813 533 2871 ad
556 2813 653 2883 imum,
681 2815 759 2871 terra
772 2829 911 2871 concussa
926 2817 980 2882 ost,
1008 2830 1079 2872 saxa
1093 2813 1216 2872 disoisss
1231 2815 1308 2884 sunt,
1335 2815 1437 2885 aperte
1451 2815 1520 2870 snut

384 2918 577 2984 monumenta,
606 2916 771 2973 reuixerunt
796 2915 973 2987 sepultorum
1000 2930 1127 2987 corpora,
1156 2915 1200 2973 sol
1227 2913 1321 2973 medio
1342 2914 1388 2972 die
1411 2914 1520 2973 obterit

351 3035 376 3074 ιι
386 3017 488 3076 taciem
504 3035 594 3076 suam.
612 3033 766 3089 numquam
782 3033 834 3090 per
848 3033 959 3075 omnem
973 3017 1063 3075 uitam
1079 3017 1172 3090 magis
1188 3016 1347 3076 declarauit
1363 3017 1522 3089 potentiam

385 3136 482 3178 suum:
505 3136 571 3177 mor
598 3119 733 3177 reflectis
759 3120 892 3178 omnibus
919 3120 1019 3177 mortis
1046 3119 1194 3192 repagulis
1209 3119 1308 3178 uiuum
1323 3136 1354 3177 so
1369 3119 1520 3190 discipulis

384 3221 523 3280 exhibuit.
549 3220 684 3279 nimirum
711 3223 765 3280 hoc
791 3224 836 3280 est
862 3222 961 3281 ollionx
988 3222 1061 3279 illud
1076 3222 1252 3282 sacrosancti
1267 3221 1418 3295 sanguinis
1434 3222 1521 3279 testi-

384 3325 520 3393 monium,
537 3324 586 3397 qni
602 3324 682 3383 solus
698 3323 793 3395 potuit
804 3323 937 3383 dirimere
951 3324 1112 3393 maceriam,
1129 3340 1202 3395 quas
1214 3323 1306 3380 Deum
1320 3323 1357 3381 ab
1373 3322 1519 3381 homiuum

384 3443 487 3500 genere
515 3426 686 3498 separabat:
717 3427 796 3484 solus
823 3426 918 3498 potuit
942 3426 1026 3486 unica
1046 3426 1136 3484 litura
1152 3424 1247 3485 delere
1263 3428 1355 3484 totum
1370 3423 1444 3483 illud
1458 3425 1520 3483 chi·

349 3530 560 3601 sorographum
587 3530 661 3602 quod
688 3531 751 3587 erat
777 3532 879 3587 contra
901 3546 963 3600 nos,
991 3532 1022 3586 et
1036 3532 1154 3587 satanae
1169 3528 1199 3585 in
1215 3544 1266 3586 nos
1283 3528 1328 3586 ius
1343 3527 1522 3586 uindicabat.

383 3646 474 3703 neque
491 3630 566 3688 enim
582 3630 701 3704 sanguis
716 3630 859 3689 hircorum
875 3633 926 3690 aut
942 3631 1096 3691 uitulorum
1111 3630 1207 3703 potuit
1228 3630 1343 3689 abolore
1358 3632 1521 3702 peccatum:

383 3733 501 3792 umbrae
527 3737 610 3791 erent
636 3733 689 3792 illa
716 3738 745 3791 ot
771 3733 833 3808 typi
859 3734 1029 3792 luturorum.
1061 3750 1113 3792 neo
1139 3733 1226 3792 ullius
1253 3733 1377 3792 hominis
1403 3733 1523 3807 sanguis

383 3837 497 3910 poterat
525 3836 627 3894 tollere
654 3840 802 3909 peccatum
825 3836 923 3895 mundi
946 3840 1060 3909 praeter
1081 3836 1159 3895 unici
1174 3835 1253 3895 illius
1268 3836 1337 3909 ugni
1352 3836 1520 3910 sanguinem

385 3936 431 3998 cui
451 3937 582 4011 baptista
607 3938 710 3997 tribuit
731 3938 926 3998 testimonium
948 3939 1061 3999 dicens:
1084 3954 1167 3998 ecce
1190 3956 1307 4013 agnus
1331 3937 1410 4009 Dei,
1445 3954 1527 3998 ecce

352 4041 446 4116 isqui
468 4042 578 4101 tollit
601 4046 753 4114 peccate
774 4043 905 4100 mundi.

455 4294 536 4348 1611
557 4296 616 4348 cer.
636 4296 677 4356 12,
695 4295 719 4347 9.
826 4292 916 4346 1910.
938 4294 977 4356 17,
998 4296 1021 4346 1.
1126 4293 1216 4348 3410.
1237 4296 1261 4358 1,
1279 4295 1320 4348 29.
1340 4295 1382 4349 36,

488 4400 529 4446 111
546 4401 567 4445 Α
1278 4386 1317 4445 15
