3720 4920
568 387 614 442 De
631 387 805 443 duodecim
823 387 978 441 abusiuis
995 386 1123 440 saeculi
1145 401 1168 440 a
1184 385 1263 440 8-9.
1418 389 1480 453 167
1529 382 1533 388 ’

350 547 542 622 principes
570 564 669 608 mane
692 525 989 608 comeduntshaec
1013 546 1097 621 regni
1115 545 1335 621 prosperitatem
1353 544 1384 603 in
1399 559 1482 617 pras-

350 650 426 712 senti
441 649 551 709 faciunt
565 651 596 710 et
610 664 707 724 regern
721 651 759 709 sd
773 649 910 710 caelestia
924 665 1014 724 regna
1027 649 1144 710 meliora
1158 647 1326 722 perducunt.
1348 646 1398 722 qni
1412 661 1481 704 nere

349 768 469 827 regnum
485 753 639 813 secundum
650 754 726 813 hunc
736 753 830 826 legem
843 770 900 812 nen
915 752 1072 826 dispensat,
1084 752 1190 811 multas
1200 751 1336 810 nimirum
1352 748 1479 809 aduersi-

347 855 424 914 tates
448 855 560 929 imperii
574 854 689 915 tolerat.
712 855 818 915 idcirco
833 854 909 915 enim
924 870 1009 929 saepe
1023 871 1079 929 pax
1094 854 1262 929 populemm
1286 852 1430 927 rumpitur
1450 853 1481 911 et

326 956 518 1018 sedendicnle
528 957 615 1016 etiam
627 958 662 1017 de
674 973 764 1031 regne
779 956 967 1028 suscitantur,
986 960 1126 1015 terrarum
1140 971 1252 1031 quoque
1267 943 1379 1014 irnctns
1394 951 1481 1012 dimi·

346 1041 521 1116 nnuntur'‘et
547 1058 667 1117 seruitia
687 1057 856 1132 pepulomm
878 1057 1119 1131 praepediuntur,
1145 1056 1229 1115 multi
1255 1057 1344 1116 etiam
1366 1054 1480 1114 deleres

345 1159 564 1232 prosperitatem
578 1159 660 1233 regni
675 1159 823 1232 inliciunt,
846 1175 977 1219 carorum
992 1161 1023 1218 et
1036 1157 1191 1219 liberomm
1205 1161 1313 1218 mortes
1327 1155 1480 1216 tristitiam

346 1260 504 1333 uenierunt,
526 1261 652 1322 hostium
672 1261 807 1321 incursus
827 1261 992 1335 prouinciae
1013 1260 1137 1334 undique
1152 1263 1280 1332 uastant,
1306 1259 1417 1318 bestiae
1431 1274 1480 1316 ar·

344 1367 505 1422 mentomm
519 1367 548 1424 et
561 1380 696 1438 pecorum
709 1380 815 1438 greges
830 1363 1007 1436 dilacerant,
1028 1366 1215 1437 tempestates
1236 1362 1314 1422 neris
1330 1363 1360 1422 et
1373 1358 1480 1419 hiemis

310 1485 336 1525 re
345 1465 485 1523 termnum
512 1465 716 1524 fecunditatem
741 1466 773 1525 et
786 1465 874 1525 maris
899 1464 1060 1524 ministeria
1074 1465 1241 1538 prohibent,
1271 1466 1301 1523 et
1324 1461 1479 1536 aliquande

259 1552 262 1559 ’
344 1563 495 1626 fulminum
509 1567 584 1626 ictus
606 1569 721 1641 segetes
736 1569 766 1627 et
779 1567 914 1626 arborum
928 1567 1012 1627 flores
1027 1569 1058 1625 et
1071 1565 1221 1640 pampinos
1235 1566 1367 1624 exurunt.
1391 1577 1479 1634 super

343 1667 440 1726 emnia
454 1684 522 1727 nere
537 1668 614 1741 regie
628 1667 774 1728 iniustitia
784 1685 843 1728 uon
857 1668 950 1728 solum
961 1668 1123 1741 praesentis
1135 1666 1249 1740 imperii
1264 1665 1368 1725 faciem
1382 1664 1480 1722 fuscat

342 1770 496 1828 sedetiam
511 1769 584 1830 filios
599 1787 667 1829 snos
681 1771 711 1828 et
725 1773 862 1843 nepotes,
877 1787 914 1828 ne
924 1773 990 1844 pest
1004 1787 1036 1830 ee
1050 1769 1131 1843 regni
1146 1769 1334 1830 hereditatem
1349 1767 1478 1835 teneant,

342 1871 486 1931 obscurat.
509 1873 625 1945 prepter
638 1871 784 1945 piaculum
797 1872 875 1932 enin
890 1873 1049 1932 Salomonis
1063 1888 1183 1945 regnum
1197 1872 1297 1930 domne
1312 1869 1403 1928 Israel
1418 1867 1478 1929 De·

306 1996 331 2036 re
342 1972 438 2031 minus
452 1974 487 2032 de
501 1975 633 2032 manibus
655 1974 778 2033 tiliorum
799 1974 861 2033 eius
884 1973 1030 2047 dispersit.
1046 1977 1077 2032 et
1091 1976 1208 2046 propter
1221 1971 1364 2031 iustitiam
1379 1971 1476 2031 Dauid

341 2074 420 2148 regis
445 2074 591 2135 lucernam
615 2077 650 2135 de
677 2076 785 2134 semiue
801 2076 864 2134 eius
890 2092 1001 2149 semper
1014 2075 1045 2134 in
1060 2075 1241 2134 Hierusalem
1261 2075 1388 2148 reliquit.
1410 2089 1476 2136 ecce

343 2181 482 2253 qnantum
502 2179 614 2239 iustitia
627 2179 707 2252 regis
722 2179 837 2238 saecule
863 2180 975 2249 ualeat,
1001 2177 1180 2237 intuentibus
1205 2177 1357 2251 perspicue
1381 2183 1473 2252 patet.

341 2296 399 2354 pax
413 2278 580 2353 populorum
594 2284 656 2352 eet,
671 2282 864 2339 tutamentum
879 2277 1007 2353 patriae,
1021 2278 1177 2338 inmunitas
1192 2278 1301 2353 plebis,
1316 2281 1477 2341 munimen-

340 2383 403 2439 tum
432 2382 543 2455 gentis,
566 2399 634 2440 cura
651 2381 839 2455 languorum,
869 2381 1006 2454 gandium
1020 2381 1180 2452 hominum,
1209 2382 1364 2455 temperies
1390 2387 1476 2460 aeris,

302 2498 330 2540 sc
345 2483 485 2542 serenitas
507 2484 613 2554 maris,
640 2486 735 2543 terrae
760 2482 939 2555 fecunditas,
973 2481 1109 2541 solacium
1133 2499 1304 2556 pauperum,
1331 2486 1477 2547 hereditas

340 2584 466 2645 illiorum
479 2587 508 2644 et
524 2586 640 2645 sibimet
657 2585 714 2659 ipsi
730 2602 797 2659 spes
812 2585 926 2644 futurae
937 2585 1135 2645 beatitudinis.
1156 2588 1282 2644 attamen
1304 2588 1378 2647 sciat
1401 2594 1476 2662 qnod

339 2685 416 2745 sicut
430 2687 532 2745 throne
547 2687 693 2746 hominum
704 2687 815 2760 primns
833 2686 1007 2745 constitutus
1022 2689 1082 2758 est,
1098 2686 1139 2744 eie
1154 2687 1227 2745 etin
1241 2687 1353 2761 poenis,
1388 2691 1414 2748 si
1430 2692 1477 2750 iu·

334 2787 444 2846 stitiam
469 2805 525 2846 nen
546 2787 663 2860 iecerit,
692 2788 849 2861 primatum
872 2787 1026 2847 habiturus
1050 2791 1104 2847 eet.
1127 2804 1223 2848 omnes
1243 2807 1365 2864 namque
1381 2810 1470 2866 quos-

333 2906 453 2962 cumque
468 2893 630 2965 peccateres
651 2890 705 2949 snb
720 2889 798 2950 sein
818 2890 963 2963 praesenti
979 2891 1091 2963 habuit,
1114 2908 1201 2963 snpra
1215 2908 1246 2950 ee
1261 2892 1343 2952 medo
1359 2895 1470 2968 plagali

295 3011 321 3052 se
332 2990 363 3049 in
380 2991 433 3049 illa
447 3008 538 3064 poena
551 2992 680 3053 habebit.

400 3242 416 3296 1
434 3240 521 3311 regni]
540 3242 643 3311 regiam
665 3242 692 3297 V
775 3242 794 3297 2
811 3242 962 3312 perducunt
978 3243 1091 3298 meliora
1112 3242 1139 3297 V
1222 3245 1370 3316 dregnum
1388 3264 1467 3301 sunm

330 3326 395 3381 add.
418 3325 493 3381 Gna
512 3331 539 3390 2,
557 3343 606 3381 om.
629 3327 657 3382 V
777 3344 830 3382 non
849 3346 870 3380 e.
889 3329 917 3382 h.
935 3330 1058 3398 legemv
1183 3330 1313 3385 nimirum
1332 3347 1384 3385 em.
1402 3333 1433 3385 X

329 3412 347 3464 4
365 3412 472 3479 imperii
490 3411 664 3466 aduersitatis
682 3412 714 3466 Χ
851 3412 982 3466 tolerabit
1003 3414 1043 3469 Vu
1180 3414 1279 3468 idcirco
1296 3431 1367 3469 eurr.
1385 3419 1419 3470 in
1441 3418 1472 3470 in

327 3495 398 3550 circo
420 3495 447 3550 0
548 3511 598 3565 pax
615 3512 729 3565 saepae
833 3499 851 3552 5
868 3497 1061 3551 deminuuntur
1082 3499 1109 3552 V
1209 3499 1226 3553 6
1244 3499 1382 3554 seruititia
1399 3500 1430 3554 X

328 3583 411 3634 etiarn
433 3580 509 3645 6¹1⁷,
526 3583 555 3634 et
571 3581 641 3634 uarii
663 3581 734 3635 (ΡΧ
819 3581 1029 3651 9tempeststee
1045 3599 1071 3635 u.
1091 3599 1112 3636 e.
1131 3582 1160 3638 h.
1178 3586 1312 3638 terrarum
1330 3600 1380 3641 cm.
1399 3586 1431 3638 X

327 3665 398 3719 ueris
415 3666 453 3734 et]
477 3664 503 3720 G
519 3665 585 3720 ada.
605 3667 637 3719 ia
653 3682 737 3736 mcrp.
754 3683 790 3721 era
809 3669 844 3721 2:
869 3666 950 3721 aliter
972 3667 1042 3721 aeris
1060 3670 1088 3722 et
1105 3667 1204 3721 hiemis
1228 3669 1303 3736 peria
1320 3669 1434 3723 turbata

327 3749 363 3803 10
378 3749 581 3822 fecunditatem]
600 3754 670 3806 terre
688 3752 753 3807 cdd.
772 3751 841 3809 Xe.
862 3752 960 3808 lna?
1063 3755 1098 3809 12
1115 3754 1144 3808 in
1162 3754 1271 3808 institia
1288 3771 1324 3811 ea
1341 3754 1452 3810 iustitie

330 3834 444 3890 Gertz
546 3837 694 3906 praesentis
712 3852 763 3893 ora
781 3838 814 3891 X
922 3839 1032 3893 fuscant
1053 3839 1086 3906 G,
1105 3839 1263 3896 obfuscata
1369 3841 1403 3894 13
1420 3843 1482 3910 ne]

325 3922 355 3973 et
371 3936 404 3973 ne
426 3921 452 3974 V
565 3920 821 3976 nomentanam
949 3924 982 3977 15
1000 3925 1057 3978 eius
1074 3941 1110 3979 em
1127 3925 1165 3979 eis
1189 3924 1308 3980 Gna?
1429 3924 1471 3980 di·

324 4007 459 4072 sperserat
480 4005 507 4060 V
608 4008 640 4061 16
659 4022 765 4077 semper
783 4023 834 4062 oua
853 4007 884 4061 X
992 4009 1026 4063 l‘l
1044 4009 1119 4064 ualet
1140 4009 1166 4065 V
1279 4010 1314 4064 18
1332 4014 1375 4065 eet
1392 4011 1472 4066 enim

258 4114 267 4142 a
325 4105 378 4159 pax
395 4091 557 4160 populorum
579 4094 705 4146 tutamen
722 4110 740 4148 u
913 4095 1143 4150 munitamentum
1161 4111 1197 4150 ec
1215 4096 1385 4150 munitatum
1408 4096 1436 4151 V

325 4175 362 4229 20
378 4179 484 4229 terrena
500 4175 532 4229 X
649 4177 683 4230 21
702 4177 815 4231 sibimet
838 4178 905 4247 ipsis
927 4179 953 4235 V
1065 4181 1136 4235 sciat
1152 4196 1234 4236 rere
1367 4183 1403 4235 23
1421 4182 1476 4250 pri·

326 4264 417 4315 matus
439 4261 465 4316 θ
552 4262 589 4316 24
604 4279 683 4333 super
701 4262 732 4317 X
817 4263 923 4333 plagali
939 4265 1001 4332 GV,
1018 4265 1166 4321 miserabili
1178 4266 1217 4333 X,
1236 4266 1437 4336 implacabilis

325 4346 361 4401 25
377 4362 461 4417 poene
482 4347 514 4412 V,
532 4346 625 4403 lutura
640 4363 728 4420 poene
749 4348 814 4415 0X,
831 4365 858 4420 p.
876 4350 1005 4410 futurae
