3720 4920
419 362 478 426 132
890 353 1073 424 Appendix.

415 514 559 574 tientes
592 512 860 574 conscientiam
882 513 1044 586 ipsorum
1081 511 1268 571 infirmam
1298 509 1335 567 in
1358 508 1546 568 christum

415 616 593 691 peccatis.
618 614 777 690 etquidem
792 631 849 674 non
864 613 918 673 hoc
933 613 1084 673 iuuenibus
1099 615 1212 671 tantum
1234 610 1285 670 sed
1301 612 1331 669 et
1346 611 1463 670 senibus
1479 626 1546 669 con·

414 718 495 792 grnit
509 718 632 777 fratrum
647 715 830 778 inbecillitati
846 718 1009 787 consulere,
1031 733 1066 775 ne
1091 717 1223 775 senectus
1238 714 1334 793 perire
1349 716 1485 787 prouocet
1498 712 1546 773 iu·

415 823 573 892 uentntem,
589 837 624 880 ex
639 837 696 894 qua
711 819 818 878 debent
832 818 927 879 omnia
941 817 1081 877 smutaria
1096 817 1265 877 documenta
1286 816 1454 889 procedere:
1470 814 1546 874 sicut

414 922 535 982 Eleazar
546 923 576 981 in
591 922 664 981 libro
678 922 917 980 Machabaeornm
932 920 1083 994 profitetur
1097 923 1127 979 et
1141 919 1227 979 dicit:
1240 917 1438 992 praemitti
1453 918 1570 979 melos

414 1027 451 1085 in
473 1025 662 1085 infernum
685 1025 799 1101 [quam
828 1024 975 1097 patrias
1003 1024 1107 1097 leges
1136 1021 1329 1097 desererel.
1362 1020 1547 1080 nonenim

415 1129 574 1188 aetatem
597 1130 761 1187 nostram
784 1126 933 1200 dignum
956 1127 1014 1183 est
1037 1123 1201 1198 fingere,
1231 1125 1270 1181 ut
1291 1122 1400 1181 multi
1422 1122 1546 1181 adule-

414 1229 596 1288 scentium
639 1228 821 1287 arbitrati
863 1227 1079 1286 Eleazarum
1122 1226 1327 1298 nonaginta
1372 1240 1545 1283 annornm

414 1330 597 1390 transisse
633 1330 675 1388 ad
711 1328 826 1388 uitem
863 1328 1159 1401 alienigenarum
1202 1330 1238 1385 et
1277 1326 1350 1400 ipsi
1393 1327 1547 1399 propter

414 1447 524 1491 meam
544 1431 821 1490 simulationem
836 1433 872 1488 et
886 1433 1037 1503 propter
1052 1429 1228 1489 modicum
1243 1431 1280 1487 et
1295 1426 1581 1500 corruptibilem

414 1536 559 1606 tempus
581 1532 683 1591 uitae
706 1548 769 1605 per
784 1549 834 1591 me
854 1533 1087 1604 seducantur,
1110 1533 1147 1590 et
1168 1529 1287 1589 odium
1308 1546 1348 1589 ac
1370 1527 1545 1588 maculam

415 1634 604 1694 senectuti
626 1651 723 1693 meae
745 1634 947 1708 adquiram.
979 1634 1029 1693 ille
1052 1633 1155 1692 maluit
1181 1632 1271 1691 uitam
1293 1650 1373 1692 suam
1395 1631 1546 1691 tormentis

415 1734 527 1793 obicere
542 1751 627 1807 quam
643 1737 774 1806 cuiqnam
789 1736 928 1808 magister
942 1735 1112 1808 perditionis
1127 1734 1267 1793 existere:
1290 1737 1320 1793 et
1334 1751 1386 1793 nos
1402 1734 1451 1792 ubi
1466 1734 1547 1792 nulla

416 1838 560 1894 tormenta
574 1838 656 1909 sunt,
683 1836 808 1896 fluxibus
822 1836 892 1895 solis
914 1836 1066 1895 saluandos
1088 1835 1193 1894 fratres
1216 1834 1347 1894 nolumus
1363 1838 1542 1914 anteponere,

416 1952 469 1995 nec
484 1937 610 1996 contenti
626 1953 723 1995 snmus
749 1937 811 1995 sine
838 1937 908 1995 ullis
934 1938 1108 1996 cruciatibus
1131 1941 1191 1995 tam
1213 1937 1296 1995 nobis
1311 1938 1445 2009 prodesse
1460 1954 1545 2011 quam
1559 1954 1583 1994 rs

418 2037 531 2109 marn,
547 2054 611 2096 cnm
626 2036 676 2096 ille
692 2036 786 2097 noluit
800 2037 898 2098 uiuere
913 2038 1079 2110 moriturus,
1095 2038 1173 2098 sicut
1186 2037 1309 2097 inferius
1320 2040 1489 2111 prosecutus
1502 2040 1549 2098 est

416 2136 527 2197 dicens:
551 2139 784 2210 quamobrem
806 2139 962 2198 fortiter
996 2139 1110 2198 uitam
1137 2140 1318 2198 excedens
1352 2142 1548 2198 senectute

415 2238 560 2311 quidem
576 2238 712 2314 dignus
726 2241 929 2313 adparebo‚
947 2239 1258 2300 adulescentibus
1273 2240 1417 2314 quidem
1433 2257 1544 2300 exem·

414 2339 512 2413 plum
534 2339 632 2400 forte
661 2341 886 2415 relinquam,
921 2344 960 2400 ut
988 2346 1154 2416 prompto
1184 2342 1299 2400 animo
1326 2359 1367 2402 ac
1394 2342 1548 2402 fortiter

416 2459 480 2514 pro
514 2442 698 2515 grauibus
720 2445 756 2502 et
779 2442 921 2503 sanctis
948 2443 1096 2516 legibus
1123 2444 1282 2502 honesta
1308 2447 1422 2503 morte
1449 2460 1585 2505 sese-so

417 2542 514 2601 dant.
540 2560 604 2603 cum
627 2544 681 2603 hoc
696 2543 783 2603 etiam
807 2544 894 2605 laicos
911 2544 1024 2616 deceat,
1048 2561 1083 2603 ne
1104 2546 1155 2603 aut
1170 2545 1311 2604 extraneis
1328 2545 1545 2619 blasphemandi

417 2645 578 2704 occasiones
595 2649 645 2705 aut
659 2645 838 2705 fraternitati
854 2645 1095 2719 opportunitatem
1110 2646 1308 2705 fornicationis
1319 2650 1472 2721 opponant,
1485 2650 1546 2707 tum

418 2745 540 2806 maxime
555 2745 674 2806 clericos
688 2747 876 2807 uehementer
895 2748 1054 2807 necessitas
1070 2747 1127 2808 ista
1151 2748 1340 2821 constringit,
1371 2748 1475 2822 quibus
1497 2754 1549 2808 unt

417 2845 519 2918 religio
534 2846 735 2920 blaephemata
749 2850 800 2907 aut
814 2848 982 2907 fraternitas
996 2849 1111 2920 perdita
1125 2865 1232 2922 poenas
1247 2850 1375 2923 duplices
1390 2851 1545 2923 inrogabit.

418 2963 471 3005 nec
485 2946 633 3007 inueniant
647 2947 677 3006 in
692 2947 796 3008 iudicio
809 2949 923 3009 Domini
936 2949 1025 3008 ullum
1040 2950 1153 3010 omnino
1169 2949 1304 3009 solacium
1317 2951 1366 3025 qui
1378 2951 1548 3025 alienigenis
1557 2967 1582 3006 as

416 3050 446 3107 et
461 3049 601 3110 fratribus
616 3052 751 3125 peccandi
768 3052 896 3112 fomitem
916 3052 1125 3113 ministrarunt.
1142 3055 1259 3127 propter
1280 3055 1355 3127 quod
1377 3054 1418 3114 uic
1439 3054 1548 3113 Paulus

416 3151 562 3222 apostolus
583 3151 681 3210 'litum
701 3152 820 3212 instruit
835 3153 947 3213 dicens:
971 3155 1006 3213 te
1029 3155 1147 3228 ipsum
1170 3155 1341 3214 bonorum
1365 3155 1549 3214 factorum

417 3252 602 3326 praebens
633 3255 834 3328 exemplum
867 3255 903 3314 in
926 3256 1115 3330 doctrina,
1154 3255 1189 3314 iu
1222 3255 1477 3330 integritate,
1510 3257 1549 3316 iu

485 3497 549 3552 511
569 3499 636 3553 Mas.
655 3501 679 3564 6,
699 3502 811 3557 23-25.
900 3504 932 3557 17
950 3504 979 3558 II
997 3504 1065 3557 Mac.
1084 3505 1109 3570 6,
1127 3505 1169 3557 27.
1189 3505 1230 3558 28.
1310 3506 1344 3557 27
1362 3505 1416 3557 Tit.
1436 3504 1461 3570 2,
1480 3505 1504 3556 7.
1522 3505 1547 3557 8,

486 3711 638 3778 lipsornm
660 3713 689 3777 0,
709 3729 835 3768 eornmv
945 3715 1046 3770 christo
1065 3732 1101 3770 ex
1119 3717 1251 3769 christum
1273 3716 1383 3771 Onc2
1487 3719 1549 3769 2et

415 3796 451 3866 q.]
470 3797 635 3864 cquidemO
749 3800 954 3856 boleaaarnso
1069 3805 1185 3870 tiquam
1204 3819 1229 3870 p.
1249 3801 1267 3855 1.
1287 3802 1405 3855 deserere
1422 3801 1515 3856 om.0

415 3882 666 3937 laetatenostrav
735 3886 768 3939 11
781 3887 887 3940 macula
903 3886 936 3941 0·
996 3888 1029 3940 14
1042 3887 1166 3954 fluxibus]
1180 3887 1287 3940 luxibus
1299 3887 1364 3951 sort.
1424 3887 1548 3940 nolumus

414 3983 434 4020 s.
454 3967 508 4021 fu
598 3968 630 4021 17
648 3967 741 4023 uitae
831 3973 864 4026 18
877 3973 961 4040 prisce
979 3972 1086 4041 quidem
1105 3988 1189 4026 orno
1279 3970 1385 4040 quidem
1409 3973 1437 4036 0,
1456 3976 1546 4025 antem

413 4053 525 4107 dcodd.
551 4054 664 4107 Balusii
739 4057 774 4110 19
791 4061 916 4125 prumpto
938 4058 971 4113 0¹
1041 4059 1076 4111 20
1092 4059 1220 4111 honestae
1238 4059 1319 4111 morti
1338 4058 1514 4113 succedente

413 4137 448 4190 22
467 4139 492 4190 b.
511 4138 661 4193 occasiones
677 4139 707 4202 0,
725 4142 889 4196 occasionem
903 4142 960 4197 bv
1029 4144 1277 4212 oportunitatomG
1346 4147 1464 4212 opponat
1481 4144 1514 4198 0¹

414 4224 449 4278 24
467 4225 606 4294 inrogauit
627 4227 659 4277 0¹
