<?xml version="1.0" encoding="UTF-8"?>
<!DOCTYPE html PUBLIC "-//W3C//DTD XHTML 1.0 Transitional//EN"
    "http://www.w3.org/TR/xhtml1/DTD/xhtml1-transitional.dtd">
<html xmlns="http://www.w3.org/1999/xhtml" xml:lang="en" lang="en">
 <head>
  <title>
</title>
<meta http-equiv="Content-Type" content="text/html;charset=utf-8" />
  <meta name='ocr-system' content='tesseract 3.04.00' />
  <meta name='ocr-capabilities' content='ocr_page ocr_carea ocr_par ocr_line ocrx_word'/>
</head>
<body>
  <div class='ocr_page' id='page_1' title='image "./sthascicaecilic00cyprgoog_0380.png"; bbox 0 0 3720 4920; ppageno 0'>
   <div class='ocr_carea' id='block_1_1' title="bbox 704 331 1510 404">
    <p class='ocr_par' dir='ltr' id='par_1_1' title="bbox 704 331 1510 404">
     <span class='ocr_line' id='line_1_1' title="bbox 704 331 1510 404; baseline 0.011 -16"><span class='ocrx_word' id='word_1_1' title='bbox 704 334 750 395; x_wconf 88' lang='lat' dir='ltr'><strong>De</strong></span> <span class='ocrx_word' id='word_1_2' title='bbox 768 333 898 389; x_wconf 81' lang='lat' dir='ltr'><strong>Pascha</strong></span> <span class='ocrx_word' id='word_1_3' title='bbox 915 336 1093 404; x_wconf 86' lang='lat' dir='ltr'><strong>computus</strong></span> <span class='ocrx_word' id='word_1_4' title='bbox 1111 349 1132 388; x_wconf 87' lang='lat' dir='ltr'><strong>c.</strong></span> <span class='ocrx_word' id='word_1_5' title='bbox 1152 332 1177 387; x_wconf 91' lang='lat'><strong>1.</strong></span> <span class='ocrx_word' id='word_1_6' title='bbox 1445 331 1510 397; x_wconf 82' lang='grc'><strong>249</strong></span> 
     </span>
    </p>
   </div>
   <div class='ocr_carea' id='block_1_2' title="bbox 345 492 1526 2916">
    <p class='ocr_par' dir='ltr' id='par_1_2' title="bbox 345 492 1526 2916">
     <span class='ocr_line' id='line_1_2' title="bbox 376 492 1510 568; baseline -0.004 -16"><span class='ocrx_word' id='word_1_7' title='bbox 376 494 443 554; x_wconf 83' lang='lat' dir='ltr'><strong>dere</strong></span> <span class='ocrx_word' id='word_1_8' title='bbox 469 511 622 568; x_wconf 75' lang='lat' dir='ltr'><strong>numquam</strong></span> <span class='ocrx_word' id='word_1_9' title='bbox 650 511 733 567; x_wconf 89' lang='lat' dir='ltr'><strong>posse</strong></span> <span class='ocrx_word' id='word_1_10' title='bbox 748 492 929 554; x_wconf 81' lang='lat' dir='ltr'><strong>Christianos</strong></span> <span class='ocrx_word' id='word_1_11' title='bbox 956 494 1037 553; x_wconf 90' lang='lat' dir='ltr'><strong>auia</strong></span> <span class='ocrx_word' id='word_1_12' title='bbox 1060 492 1192 553; x_wconf 87' lang='lat' dir='ltr'><strong>ueritatis</strong></span> <span class='ocrx_word' id='word_1_13' title='bbox 1207 509 1304 552; x_wconf 85' lang='lat' dir='ltr'><strong>errare</strong></span> <span class='ocrx_word' id='word_1_14' title='bbox 1318 495 1348 551; x_wconf 86' lang='lat' dir='ltr'><strong>st</strong></span> <span class='ocrx_word' id='word_1_15' title='bbox 1363 493 1510 564; x_wconf 63' lang='lat' dir='ltr'><strong>umquam</strong></span> 
     </span>
     <span class='ocr_line' id='line_1_3' title="bbox 376 592 1513 669; baseline -0.001 -16"><span class='ocrx_word' id='word_1_16' title='bbox 376 595 542 669; x_wconf 75' lang='lat' dir='ltr'>ignorantes</span> <span class='ocrx_word' id='word_1_17' title='bbox 568 612 640 669; x_wconf 86' lang='lat' dir='ltr'><strong>qnae</strong></span> <span class='ocrx_word' id='word_1_18' title='bbox 668 595 707 654; x_wconf 89' lang='lat' dir='ltr'><strong>sit</strong></span> <span class='ocrx_word' id='word_1_19' title='bbox 733 595 795 654; x_wconf 89' lang='lat' dir='ltr'><strong>dies</strong></span> <span class='ocrx_word' id='word_1_20' title='bbox 829 595 958 655; x_wconf 75' lang='lat' dir='ltr'><strong>Paschae</strong></span> <span class='ocrx_word' id='word_1_21' title='bbox 984 600 1051 669; x_wconf 89' lang='lat' dir='ltr'><strong>post</strong></span> <span class='ocrx_word' id='word_1_22' title='bbox 1077 596 1198 655; x_wconf 81' lang='lat' dir='ltr'><strong>ludaeos</strong></span> <span class='ocrx_word' id='word_1_23' title='bbox 1220 611 1319 653; x_wconf 76' lang='lat' dir='ltr'><strong>caems</strong></span> <span class='ocrx_word' id='word_1_24' title='bbox 1342 597 1372 652; x_wconf 91' lang='lat' dir='ltr'><strong>et</strong></span> <span class='ocrx_word' id='word_1_25' title='bbox 1392 592 1513 654; x_wconf 85' lang='lat' dir='ltr'><strong>hebetes</strong></span> 
     </span>
     <span class='ocr_line' id='line_1_4' title="bbox 378 695 1512 772; baseline -0.004 -16"><span class='ocrx_word' id='word_1_26' title='bbox 378 697 535 769; x_wconf 86' lang='lat' dir='ltr'><strong>ambulare,</strong></span> <span class='ocrx_word' id='word_1_27' title='bbox 562 714 681 772; x_wconf 87' lang='lat' dir='ltr'><strong>cumque</strong></span> <span class='ocrx_word' id='word_1_28' title='bbox 695 715 713 756; x_wconf 91' lang='lat' dir='ltr'><strong>a</strong></span> <span class='ocrx_word' id='word_1_29' title='bbox 727 696 787 756; x_wconf 88' lang='lat' dir='ltr'><strong>Deo</strong></span> <span class='ocrx_word' id='word_1_30' title='bbox 802 714 855 756; x_wconf 89' lang='lat' dir='ltr'><strong>nos</strong></span> <span class='ocrx_word' id='word_1_31' title='bbox 875 697 1024 757; x_wconf 89' lang='lat' dir='ltr'><strong>euidenter</strong></span> <span class='ocrx_word' id='word_1_32' title='bbox 1043 697 1224 770; x_wconf 88' lang='lat' dir='ltr'><strong>incipiamus,</strong></span> <span class='ocrx_word' id='word_1_33' title='bbox 1251 713 1307 756; x_wconf 94' lang='lat' dir='ltr'><strong>non</strong></span> <span class='ocrx_word' id='word_1_34' title='bbox 1323 698 1435 755; x_wconf 88' lang='lat' dir='ltr'><strong>tantum</strong></span> <span class='ocrx_word' id='word_1_35' title='bbox 1450 695 1512 768; x_wconf 86' lang='lat' dir='ltr'><strong>pri·</strong></span> 
     </span>
     <span class='ocr_line' id='line_1_5' title="bbox 379 796 1512 874; baseline -0.003 -16"><span class='ocrx_word' id='word_1_36' title='bbox 379 816 457 858; x_wconf 93' lang='lat' dir='ltr'><strong>mum</strong></span> <span class='ocrx_word' id='word_1_37' title='bbox 473 798 558 872; x_wconf 88' lang='lat' dir='ltr'><strong>diem,</strong></span> <span class='ocrx_word' id='word_1_38' title='bbox 574 816 630 873; x_wconf 91' lang='lat' dir='ltr'><strong>quo</strong></span> <span class='ocrx_word' id='word_1_39' title='bbox 644 799 676 858; x_wconf 91' lang='lat' dir='ltr'><strong>iu</strong></span> <span class='ocrx_word' id='word_1_40' title='bbox 690 799 826 874; x_wconf 74' lang='lat' dir='ltr'><strong>Aegypto</strong></span> <span class='ocrx_word' id='word_1_41' title='bbox 841 816 936 873; x_wconf 90' lang='lat' dir='ltr'><strong>agnus</strong></span> <span class='ocrx_word' id='word_1_42' title='bbox 950 799 1060 860; x_wconf 84' lang='lat' dir='ltr'><strong>occisus</strong></span> <span class='ocrx_word' id='word_1_43' title='bbox 1075 801 1120 858; x_wconf 86' lang='lat' dir='ltr'><strong>est</strong></span> <span class='ocrx_word' id='word_1_44' title='bbox 1137 799 1297 873; x_wconf 84' lang='lat' dir='ltr'><strong>ostendero,</strong></span> <span class='ocrx_word' id='word_1_45' title='bbox 1318 796 1369 858; x_wconf 88' lang='lat' dir='ltr'><strong>sed</strong></span> <span class='ocrx_word' id='word_1_46' title='bbox 1383 801 1413 858; x_wconf 89' lang='lat' dir='ltr'><strong>et</strong></span> <span class='ocrx_word' id='word_1_47' title='bbox 1427 813 1512 872; x_wconf 86' lang='lat' dir='ltr'><strong>prae·</strong></span> 
     </span>
     <span class='ocr_line' id='line_1_6' title="bbox 355 901 1512 978; baseline -0.003 -16"><span class='ocrx_word' id='word_1_48' title='bbox 355 905 458 962; x_wconf 71' lang='lat' dir='ltr'><strong>etam</strong></span> <span class='ocrx_word' id='word_1_49' title='bbox 486 902 577 961; x_wconf 81' lang='lat' dir='ltr'><strong>futuri</strong></span> <span class='ocrx_word' id='word_1_50' title='bbox 606 902 745 978; x_wconf 85' lang='lat' dir='ltr'><strong>temporis</strong></span> <span class='ocrx_word' id='word_1_51' title='bbox 775 902 838 962; x_wconf 90' lang='lat' dir='ltr'><strong>dies</strong></span> <span class='ocrx_word' id='word_1_52' title='bbox 867 902 997 963; x_wconf 76' lang='lat' dir='ltr'><strong>Paschae</strong></span> <span class='ocrx_word' id='word_1_53' title='bbox 1028 902 1197 962; x_wconf 87' lang='lat' dir='ltr'><strong>ludaeorum</strong></span> <span class='ocrx_word' id='word_1_54' title='bbox 1226 904 1256 961; x_wconf 90' lang='lat' dir='ltr'><strong>et</strong></span> <span class='ocrx_word' id='word_1_55' title='bbox 1284 901 1512 961; x_wconf 77' lang='lat' dir='ltr'><strong>Christianorum</strong></span> 
     </span>
     <span class='ocr_line' id='line_1_7' title="bbox 377 1002 1512 1079; baseline 0 -18"><span class='ocrx_word' id='word_1_56' title='bbox 377 1004 580 1065; x_wconf 84' lang='lat' dir='ltr'><strong>demonstrare.</strong></span> <span class='ocrx_word' id='word_1_57' title='bbox 604 1003 775 1079; x_wconf 77' lang='lat' dir='ltr'><strong>incipiamus</strong></span> <span class='ocrx_word' id='word_1_58' title='bbox 800 1005 914 1078; x_wconf 88' lang='lat' dir='ltr'><strong>itaque,</strong></span> <span class='ocrx_word' id='word_1_59' title='bbox 941 1002 1123 1065; x_wconf 74' lang='lat' dir='ltr'><strong>dilechesimi</strong></span> <span class='ocrx_word' id='word_1_60' title='bbox 1138 1003 1255 1076; x_wconf 83' lang='lat' dir='ltr'><strong>iratres,</strong></span> <span class='ocrx_word' id='word_1_61' title='bbox 1270 1006 1306 1063; x_wconf 91' lang='lat' dir='ltr'><strong>ab</strong></span> <span class='ocrx_word' id='word_1_62' title='bbox 1321 1003 1414 1064; x_wconf 81' lang='lat' dir='ltr'><strong>Itxodi</strong></span> <span class='ocrx_word' id='word_1_63' title='bbox 1429 1004 1512 1062; x_wconf 90' lang='lat' dir='ltr'><strong>lecti·</strong></span> 
     </span>
     <span class='ocr_line' id='line_1_8' title="bbox 378 1104 1515 1181; baseline -0.004 -15"><span class='ocrx_word' id='word_1_64' title='bbox 378 1124 447 1166; x_wconf 87' lang='lat' dir='ltr'><strong>one:</strong></span> <span class='ocrx_word' id='word_1_65' title='bbox 471 1107 501 1165; x_wconf 91' lang='lat' dir='ltr'><strong>in</strong></span> <span class='ocrx_word' id='word_1_66' title='bbox 527 1124 584 1180; x_wconf 90' lang='lat' dir='ltr'><strong>qna</strong></span> <span class='ocrx_word' id='word_1_67' title='bbox 609 1105 732 1167; x_wconf 89' lang='lat' dir='ltr'><strong>lectione</strong></span> <span class='ocrx_word' id='word_1_68' title='bbox 757 1107 987 1181; x_wconf 79' lang='lat' dir='ltr'><strong>recognoscimus</strong></span> <span class='ocrx_word' id='word_1_69' title='bbox 1013 1107 1106 1180; x_wconf 93' lang='lat' dir='ltr'><strong>ipsum</strong></span> <span class='ocrx_word' id='word_1_70' title='bbox 1134 1106 1226 1166; x_wconf 87' lang='lat' dir='ltr'><strong>Deum</strong></span> <span class='ocrx_word' id='word_1_71' title='bbox 1252 1109 1281 1167; x_wconf 91' lang='lat' dir='ltr'><strong>et</strong></span> <span class='ocrx_word' id='word_1_72' title='bbox 1302 1107 1455 1166; x_wconf 92' lang='lat' dir='ltr'><strong>Dominum</strong></span> <span class='ocrx_word' id='word_1_73' title='bbox 1478 1104 1515 1164; x_wconf 88' lang='lat' dir='ltr'><strong>ad</strong></span> 
     </span>
     <span class='ocr_line' id='line_1_9' title="bbox 378 1207 1515 1284; baseline -0.003 -15"><span class='ocrx_word' id='word_1_74' title='bbox 378 1210 497 1284; x_wconf 74' lang='lat' dir='ltr'><strong>Moysen</strong></span> <span class='ocrx_word' id='word_1_75' title='bbox 522 1210 670 1269; x_wconf 83' lang='lat' dir='ltr'><strong>etheron</strong></span> <span class='ocrx_word' id='word_1_76' title='bbox 697 1210 817 1269; x_wconf 84' lang='lat' dir='ltr'><strong>fratrem</strong></span> <span class='ocrx_word' id='word_1_77' title='bbox 844 1209 907 1268; x_wconf 90' lang='lat' dir='ltr'><strong>eius</strong></span> <span class='ocrx_word' id='word_1_78' title='bbox 927 1209 957 1266; x_wconf 94' lang='lat' dir='ltr'><strong>in</strong></span> <span class='ocrx_word' id='word_1_79' title='bbox 983 1211 1062 1268; x_wconf 86' lang='lat' dir='ltr'><strong>terra</strong></span> <span class='ocrx_word' id='word_1_80' title='bbox 1076 1208 1202 1283; x_wconf 77' lang='lat' dir='ltr'><strong>Aegypti</strong></span> <span class='ocrx_word' id='word_1_81' title='bbox 1230 1207 1352 1267; x_wconf 84' lang='lat' dir='ltr'><strong>dixisse:</strong></span> <span class='ocrx_word' id='word_1_82' title='bbox 1376 1207 1515 1267; x_wconf 90' lang='lat' dir='ltr'><strong>mensis</strong></span> 
     </span>
     <span class='ocr_line' id='line_1_10' title="bbox 380 1311 1515 1385; baseline -0.001 -14"><span class='ocrx_word' id='word_1_83' title='bbox 380 1313 438 1372; x_wconf 91' lang='lat' dir='ltr'><strong>hic</strong></span> <span class='ocrx_word' id='word_1_84' title='bbox 471 1312 618 1371; x_wconf 90' lang='lat' dir='ltr'><strong>initium</strong></span> <span class='ocrx_word' id='word_1_85' title='bbox 652 1312 831 1371; x_wconf 90' lang='lat' dir='ltr'><strong>mensium</strong></span> <span class='ocrx_word' id='word_1_86' title='bbox 864 1312 1003 1385; x_wconf 88' lang='lat' dir='ltr'><strong>primus</strong></span> <span class='ocrx_word' id='word_1_87' title='bbox 1037 1312 1111 1371; x_wconf 88' lang='lat' dir='ltr'><strong>erit</strong></span> <span class='ocrx_word' id='word_1_88' title='bbox 1144 1312 1250 1370; x_wconf 89' lang='lat' dir='ltr'><strong>uobis</strong></span> <span class='ocrx_word' id='word_1_89' title='bbox 1272 1311 1307 1370; x_wconf 93' lang='lat' dir='ltr'><strong>in</strong></span> <span class='ocrx_word' id='word_1_90' title='bbox 1329 1311 1515 1371; x_wconf 87' lang='lat' dir='ltr'><strong>mensibus</strong></span> 
     </span>
     <span class='ocr_line' id='line_1_11' title="bbox 345 1413 1515 1490; baseline -0.004 -13"><span class='ocrx_word' id='word_1_91' title='bbox 345 1414 475 1477; x_wconf 77' lang='lat' dir='ltr'><strong>scanni.</strong></span> <span class='ocrx_word' id='word_1_92' title='bbox 509 1414 587 1473; x_wconf 86' lang='lat' dir='ltr'><strong>iare</strong></span> <span class='ocrx_word' id='word_1_93' title='bbox 613 1413 657 1473; x_wconf 91' lang='lat' dir='ltr'><strong>ad</strong></span> <span class='ocrx_word' id='word_1_94' title='bbox 690 1432 826 1474; x_wconf 89' lang='lat' dir='ltr'><strong>omnem</strong></span> <span class='ocrx_word' id='word_1_95' title='bbox 859 1431 1083 1490; x_wconf 87' lang='lat' dir='ltr'><strong>synagogam</strong></span> <span class='ocrx_word' id='word_1_96' title='bbox 1116 1414 1285 1472; x_wconf 86' lang='lat' dir='ltr'><strong>filiorum</strong></span> <span class='ocrx_word' id='word_1_97' title='bbox 1313 1414 1440 1473; x_wconf 88' lang='lat' dir='ltr'><strong>Israel</strong></span> <span class='ocrx_word' id='word_1_98' title='bbox 1465 1415 1515 1472; x_wconf 92' lang='lat' dir='ltr'><strong>di-</strong></span> 
     </span>
     <span class='ocr_line' id='line_1_12' title="bbox 379 1515 1515 1590; baseline -0.002 -13"><span class='ocrx_word' id='word_1_99' title='bbox 379 1533 479 1577; x_wconf 89' lang='lat' dir='ltr'><strong>cens:</strong></span> <span class='ocrx_word' id='word_1_100' title='bbox 509 1516 649 1576; x_wconf 88' lang='lat' dir='ltr'><strong>docimo</strong></span> <span class='ocrx_word' id='word_1_101' title='bbox 679 1516 739 1576; x_wconf 92' lang='lat' dir='ltr'><strong>die</strong></span> <span class='ocrx_word' id='word_1_102' title='bbox 762 1517 899 1576; x_wconf 88' lang='lat' dir='ltr'><strong>mensis</strong></span> <span class='ocrx_word' id='word_1_103' title='bbox 930 1516 1039 1576; x_wconf 89' lang='lat' dir='ltr'><strong>huius</strong></span> <span class='ocrx_word' id='word_1_104' title='bbox 1061 1515 1253 1590; x_wconf 90' lang='lat' dir='ltr'><strong>accipiant</strong></span> <span class='ocrx_word' id='word_1_105' title='bbox 1275 1515 1348 1575; x_wconf 89' lang='lat' dir='ltr'><strong>sibi</strong></span> <span class='ocrx_word' id='word_1_106' title='bbox 1373 1516 1515 1590; x_wconf 82' lang='lat' dir='ltr'><strong>singuli</strong></span> 
     </span>
     <span class='ocr_line' id='line_1_13' title="bbox 379 1617 1516 1693; baseline -0.001 -16"><span class='ocrx_word' id='word_1_107' title='bbox 379 1634 444 1693; x_wconf 90' lang='lat' dir='ltr'><strong>per</strong></span> <span class='ocrx_word' id='word_1_108' title='bbox 477 1618 597 1677; x_wconf 91' lang='lat' dir='ltr'><strong>domos</strong></span> <span class='ocrx_word' id='word_1_109' title='bbox 630 1618 793 1676; x_wconf 88' lang='lat' dir='ltr'><strong>tribuum</strong></span> <span class='ocrx_word' id='word_1_110' title='bbox 826 1635 929 1679; x_wconf 88' lang='lat' dir='ltr'><strong>onem</strong></span> <span class='ocrx_word' id='word_1_111' title='bbox 961 1635 1024 1692; x_wconf 88' lang='lat' dir='ltr'><strong>per</strong></span> <span class='ocrx_word' id='word_1_112' title='bbox 1057 1620 1214 1677; x_wconf 73' lang='lat' dir='ltr'><strong>domums</strong></span> <span class='ocrx_word' id='word_1_113' title='bbox 1254 1619 1290 1675; x_wconf 91' lang='lat' dir='ltr'><strong>et</strong></span> <span class='ocrx_word' id='word_1_114' title='bbox 1323 1617 1355 1675; x_wconf 93' lang='lat' dir='ltr'><strong>si</strong></span> <span class='ocrx_word' id='word_1_115' title='bbox 1388 1617 1516 1692; x_wconf 88' lang='lat' dir='ltr'><strong>exigui</strong></span> 
     </span>
     <span class='ocr_line' id='line_1_14' title="bbox 380 1720 1517 1792; baseline -0.002 -12"><span class='ocrx_word' id='word_1_116' title='bbox 380 1723 487 1780; x_wconf 88' lang='lat' dir='ltr'><strong>eruut</strong></span> <span class='ocrx_word' id='word_1_117' title='bbox 509 1720 545 1777; x_wconf 93' lang='lat' dir='ltr'><strong>in</strong></span> <span class='ocrx_word' id='word_1_118' title='bbox 567 1722 667 1779; x_wconf 93' lang='lat' dir='ltr'><strong>domo</strong></span> <span class='ocrx_word' id='word_1_119' title='bbox 689 1725 819 1779; x_wconf 86' lang='lat' dir='ltr'><strong>utnon</strong></span> <span class='ocrx_word' id='word_1_120' title='bbox 842 1720 922 1779; x_wconf 88' lang='lat' dir='ltr'><strong>siut</strong></span> <span class='ocrx_word' id='word_1_121' title='bbox 944 1720 1190 1780; x_wconf 76' lang='lat' dir='ltr'><strong>sufficientes</strong></span> <span class='ocrx_word' id='word_1_122' title='bbox 1212 1721 1255 1779; x_wconf 89' lang='lat' dir='ltr'><strong>ad</strong></span> <span class='ocrx_word' id='word_1_123' title='bbox 1277 1736 1387 1792; x_wconf 88' lang='lat' dir='ltr'><strong>ouem,</strong></span> <span class='ocrx_word' id='word_1_124' title='bbox 1411 1722 1517 1779; x_wconf 91' lang='lat' dir='ltr'><strong>adsu-</strong></span> 
     </span>
     <span class='ocr_line' id='line_1_15' title="bbox 381 1822 1518 1896; baseline -0.002 -15"><span class='ocrx_word' id='word_1_125' title='bbox 381 1824 451 1881; x_wconf 90' lang='lat' dir='ltr'><strong>met</strong></span> <span class='ocrx_word' id='word_1_126' title='bbox 487 1839 606 1881; x_wconf 90' lang='lat' dir='ltr'><strong>secum</strong></span> <span class='ocrx_word' id='word_1_127' title='bbox 643 1822 807 1881; x_wconf 90' lang='lat' dir='ltr'><strong>uicinum</strong></span> <span class='ocrx_word' id='word_1_128' title='bbox 843 1822 1044 1896; x_wconf 84' lang='lat' dir='ltr'><strong>proximum</strong></span> <span class='ocrx_word' id='word_1_129' title='bbox 1082 1839 1198 1880; x_wconf 91' lang='lat' dir='ltr'><strong>sunm:</strong></span> <span class='ocrx_word' id='word_1_130' title='bbox 1237 1838 1300 1894; x_wconf 88' lang='lat' dir='ltr'><strong>par</strong></span> <span class='ocrx_word' id='word_1_131' title='bbox 1333 1839 1518 1880; x_wconf 86' lang='lat' dir='ltr'><strong>nnmerum</strong></span> 
     </span>
     <span class='ocr_line' id='line_1_16' title="bbox 348 1923 1520 1997; baseline -0.004 -10"><span class='ocrx_word' id='word_1_132' title='bbox 348 1923 584 1986; x_wconf 72' lang='lat' dir='ltr'><strong>inanimatum</strong></span> <span class='ocrx_word' id='word_1_133' title='bbox 617 1923 762 1997; x_wconf 87' lang='lat' dir='ltr'><strong>singuli</strong></span> <span class='ocrx_word' id='word_1_134' title='bbox 795 1925 890 1997; x_wconf 89' lang='lat' dir='ltr'><strong>quod</strong></span> <span class='ocrx_word' id='word_1_135' title='bbox 924 1923 1100 1982; x_wconf 86' lang='lat' dir='ltr'><strong>sufficiet</strong></span> <span class='ocrx_word' id='word_1_136' title='bbox 1133 1923 1205 1981; x_wconf 89' lang='lat' dir='ltr'><strong>sibi</strong></span> <span class='ocrx_word' id='word_1_137' title='bbox 1248 1924 1520 1996; x_wconf 88' lang='lat' dir='ltr'><strong>computabunt</strong></span> 
     </span>
     <span class='ocr_line' id='line_1_17' title="bbox 382 2024 1519 2099; baseline 0.002 -16"><span class='ocrx_word' id='word_1_138' title='bbox 382 2026 419 2084; x_wconf 94' lang='lat' dir='ltr'><strong>in</strong></span> <span class='ocrx_word' id='word_1_139' title='bbox 458 2042 565 2085; x_wconf 87' lang='lat' dir='ltr'><strong>ouem.</strong></span> <span class='ocrx_word' id='word_1_140' title='bbox 613 2024 890 2085; x_wconf 87' lang='lat' dir='ltr'><strong>immaculatum</strong></span> <span class='ocrx_word' id='word_1_141' title='bbox 928 2024 1136 2099; x_wconf 82' lang='lat' dir='ltr'><strong>perfectum</strong></span> <span class='ocrx_word' id='word_1_142' title='bbox 1179 2025 1382 2085; x_wconf 89' lang='lat' dir='ltr'><strong>masculum</strong></span> <span class='ocrx_word' id='word_1_143' title='bbox 1415 2027 1519 2085; x_wconf 92' lang='lat' dir='ltr'><strong>anni·</strong></span> 
     </span>
     <span class='ocr_line' id='line_1_18' title="bbox 383 2126 1522 2200; baseline -0.002 -13"><span class='ocrx_word' id='word_1_144' title='bbox 383 2128 501 2187; x_wconf 87' lang='lat' dir='ltr'><strong>culum</strong></span> <span class='ocrx_word' id='word_1_145' title='bbox 523 2127 598 2186; x_wconf 88' lang='lat' dir='ltr'><strong>erit</strong></span> <span class='ocrx_word' id='word_1_146' title='bbox 621 2126 736 2186; x_wconf 90' lang='lat' dir='ltr'><strong>nobis.</strong></span> <span class='ocrx_word' id='word_1_147' title='bbox 759 2128 804 2185; x_wconf 88' lang='lat' dir='ltr'><strong>ab</strong></span> <span class='ocrx_word' id='word_1_148' title='bbox 826 2127 936 2199; x_wconf 86' lang='lat' dir='ltr'><strong>agnis</strong></span> <span class='ocrx_word' id='word_1_149' title='bbox 958 2130 995 2186; x_wconf 94' lang='lat' dir='ltr'><strong>et</strong></span> <span class='ocrx_word' id='word_1_150' title='bbox 1016 2129 1060 2186; x_wconf 91' lang='lat' dir='ltr'><strong>ab</strong></span> <span class='ocrx_word' id='word_1_151' title='bbox 1082 2128 1212 2187; x_wconf 91' lang='lat' dir='ltr'><strong>haedis</strong></span> <span class='ocrx_word' id='word_1_152' title='bbox 1240 2126 1454 2200; x_wconf 77' lang='lat' dir='ltr'><strong>accipietis.</strong></span> <span class='ocrx_word' id='word_1_153' title='bbox 1486 2132 1522 2187; x_wconf 89' lang='lat' dir='ltr'><strong>et</strong></span> 
     </span>
     <span class='ocr_line' id='line_1_19' title="bbox 384 2229 1521 2305; baseline -0.002 -15"><span class='ocrx_word' id='word_1_154' title='bbox 384 2230 458 2290; x_wconf 86' lang='lat' dir='ltr'><strong>erit</strong></span> <span class='ocrx_word' id='word_1_155' title='bbox 490 2229 597 2288; x_wconf 91' lang='lat' dir='ltr'><strong>uobis</strong></span> <span class='ocrx_word' id='word_1_156' title='bbox 634 2231 877 2290; x_wconf 81' lang='lat' dir='ltr'><strong>obseruatum</strong></span> <span class='ocrx_word' id='word_1_157' title='bbox 913 2246 1030 2304; x_wconf 89' lang='lat' dir='ltr'><strong>nsque</strong></span> <span class='ocrx_word' id='word_1_158' title='bbox 1063 2231 1105 2289; x_wconf 92' lang='lat' dir='ltr'><strong>ad</strong></span> <span class='ocrx_word' id='word_1_159' title='bbox 1142 2234 1308 2305; x_wconf 87' lang='lat' dir='ltr'><strong>quartum</strong></span> <span class='ocrx_word' id='word_1_160' title='bbox 1346 2230 1521 2290; x_wconf 86' lang='lat' dir='ltr'><strong>decimum</strong></span> 
     </span>
     <span class='ocr_line' id='line_1_20' title="bbox 385 2330 1523 2407; baseline 0 -17"><span class='ocrx_word' id='word_1_161' title='bbox 385 2330 480 2391; x_wconf 89' lang='lat' dir='ltr'><strong>diem</strong></span> <span class='ocrx_word' id='word_1_162' title='bbox 501 2331 641 2392; x_wconf 90' lang='lat' dir='ltr'><strong>mensis</strong></span> <span class='ocrx_word' id='word_1_163' title='bbox 663 2332 786 2403; x_wconf 88' lang='lat' dir='ltr'><strong>huius,</strong></span> <span class='ocrx_word' id='word_1_164' title='bbox 809 2333 845 2392; x_wconf 87' lang='lat' dir='ltr'><strong>et</strong></span> <span class='ocrx_word' id='word_1_165' title='bbox 867 2332 1012 2392; x_wconf 88' lang='lat' dir='ltr'><strong>occidet</strong></span> <span class='ocrx_word' id='word_1_166' title='bbox 1033 2349 1108 2391; x_wconf 91' lang='lat' dir='ltr'><strong>eum</strong></span> <span class='ocrx_word' id='word_1_167' title='bbox 1131 2334 1247 2392; x_wconf 92' lang='lat' dir='ltr'><strong>omnis</strong></span> <span class='ocrx_word' id='word_1_168' title='bbox 1268 2333 1403 2406; x_wconf 90' lang='lat' dir='ltr'><strong>uulgus</strong></span> <span class='ocrx_word' id='word_1_169' title='bbox 1418 2350 1523 2407; x_wconf 84' lang='lat' dir='ltr'><strong>syna·</strong></span> 
     </span>
     <span class='ocr_line' id='line_1_21' title="bbox 351 2433 1523 2510; baseline -0.002 -14"><span class='ocrx_word' id='word_1_170' title='bbox 351 2451 502 2508; x_wconf 82' lang='lat' dir='ltr'><strong>aogogae</strong></span> <span class='ocrx_word' id='word_1_171' title='bbox 536 2433 704 2493; x_wconf 81' lang='lat' dir='ltr'><strong>filiorum</strong></span> <span class='ocrx_word' id='word_1_172' title='bbox 738 2433 863 2493; x_wconf 87' lang='lat' dir='ltr'><strong>Israel</strong></span> <span class='ocrx_word' id='word_1_173' title='bbox 894 2436 937 2493; x_wconf 88' lang='lat' dir='ltr'><strong>ad</strong></span> <span class='ocrx_word' id='word_1_174' title='bbox 971 2452 1180 2510; x_wconf 87' lang='lat' dir='ltr'><strong>uesperam:</strong></span> <span class='ocrx_word' id='word_1_175' title='bbox 1215 2438 1251 2496; x_wconf 91' lang='lat' dir='ltr'><strong>et</strong></span> <span class='ocrx_word' id='word_1_176' title='bbox 1272 2434 1461 2507; x_wconf 83' lang='lat' dir='ltr'><strong>accipient</strong></span> <span class='ocrx_word' id='word_1_177' title='bbox 1482 2436 1523 2494; x_wconf 86' lang='lat' dir='ltr'><strong>dc</strong></span> 
     </span>
     <span class='ocr_line' id='line_1_22' title="bbox 385 2536 1524 2612; baseline -0.004 -15"><span class='ocrx_word' id='word_1_178' title='bbox 385 2538 585 2611; x_wconf 88' lang='lat' dir='ltr'><strong>sanguine,</strong></span> <span class='ocrx_word' id='word_1_179' title='bbox 616 2540 653 2596; x_wconf 89' lang='lat' dir='ltr'><strong>et</strong></span> <span class='ocrx_word' id='word_1_180' title='bbox 674 2541 814 2610; x_wconf 89' lang='lat' dir='ltr'><strong>ponent</strong></span> <span class='ocrx_word' id='word_1_181' title='bbox 837 2536 950 2612; x_wconf 84' lang='lat' dir='ltr'><strong>sdper</strong></span> <span class='ocrx_word' id='word_1_182' title='bbox 969 2539 1057 2596; x_wconf 92' lang='lat' dir='ltr'><strong>‹luos</strong></span> <span class='ocrx_word' id='word_1_183' title='bbox 1086 2542 1213 2611; x_wconf 89' lang='lat' dir='ltr'><strong>postes</strong></span> <span class='ocrx_word' id='word_1_184' title='bbox 1234 2540 1270 2596; x_wconf 90' lang='lat' dir='ltr'><strong>et</strong></span> <span class='ocrx_word' id='word_1_185' title='bbox 1292 2552 1403 2610; x_wconf 86' lang='lat' dir='ltr'><strong>super</strong></span> <span class='ocrx_word' id='word_1_186' title='bbox 1426 2537 1524 2594; x_wconf 90' lang='lat' dir='ltr'><strong>limi-</strong></span> 
     </span>
     <span class='ocr_line' id='line_1_23' title="bbox 384 2638 1524 2713; baseline -0.002 -17"><span class='ocrx_word' id='word_1_187' title='bbox 384 2641 489 2697; x_wconf 86' lang='lat' dir='ltr'><strong>naria</strong></span> <span class='ocrx_word' id='word_1_188' title='bbox 518 2638 552 2697; x_wconf 94' lang='lat' dir='ltr'><strong>in</strong></span> <span class='ocrx_word' id='word_1_189' title='bbox 583 2640 767 2709; x_wconf 85' lang='lat' dir='ltr'><strong>domibus,</strong></span> <span class='ocrx_word' id='word_1_190' title='bbox 809 2640 846 2697; x_wconf 93' lang='lat' dir='ltr'><strong>in</strong></span> <span class='ocrx_word' id='word_1_191' title='bbox 873 2640 1008 2713; x_wconf 82' lang='lat' dir='ltr'><strong>quibus</strong></span> <span class='ocrx_word' id='word_1_192' title='bbox 1037 2656 1115 2698; x_wconf 89' lang='lat' dir='ltr'><strong>eum</strong></span> <span class='ocrx_word' id='word_1_193' title='bbox 1144 2641 1253 2698; x_wconf 90' lang='lat' dir='ltr'><strong>edent</strong></span> <span class='ocrx_word' id='word_1_194' title='bbox 1281 2638 1317 2697; x_wconf 93' lang='lat' dir='ltr'><strong>in</strong></span> <span class='ocrx_word' id='word_1_195' title='bbox 1346 2639 1458 2710; x_wconf 88' lang='lat' dir='ltr'><strong>ipsis:</strong></span> <span class='ocrx_word' id='word_1_196' title='bbox 1489 2642 1524 2695; x_wconf 89' lang='lat' dir='ltr'><strong>et</strong></span> 
     </span>
     <span class='ocr_line' id='line_1_24' title="bbox 386 2741 1526 2814; baseline -0.001 -14"><span class='ocrx_word' id='word_1_197' title='bbox 386 2741 498 2800; x_wconf 86' lang='lat' dir='ltr'><strong>edent</strong></span> <span class='ocrx_word' id='word_1_198' title='bbox 531 2758 660 2800; x_wconf 90' lang='lat' dir='ltr'><strong>carnes</strong></span> <span class='ocrx_word' id='word_1_199' title='bbox 695 2741 790 2799; x_wconf 86' lang='lat' dir='ltr'><strong>istas</strong></span> <span class='ocrx_word' id='word_1_200' title='bbox 824 2746 932 2801; x_wconf 92' lang='lat' dir='ltr'><strong>nocte</strong></span> <span class='ocrx_word' id='word_1_201' title='bbox 969 2745 1118 2799; x_wconf 88' lang='lat' dir='ltr'><strong>assatas</strong></span> <span class='ocrx_word' id='word_1_202' title='bbox 1155 2741 1252 2813; x_wconf 88' lang='lat' dir='ltr'><strong>igni,</strong></span> <span class='ocrx_word' id='word_1_203' title='bbox 1289 2759 1413 2814; x_wconf 82' lang='lat' dir='ltr'><strong>azyma</strong></span> <span class='ocrx_word' id='word_1_204' title='bbox 1449 2758 1526 2799; x_wconf 88' lang='lat' dir='ltr'><strong>oum</strong></span> 
     </span>
     <span class='ocr_line' id='line_1_25' title="bbox 386 2842 1524 2916; baseline -0.001 -14"><span class='ocrx_word' id='word_1_205' title='bbox 386 2843 634 2903; x_wconf 85' lang='lat' dir='ltr'><strong>amaritudine</strong></span> <span class='ocrx_word' id='word_1_206' title='bbox 668 2843 789 2902; x_wconf 88' lang='lat' dir='ltr'><strong>edant.</strong></span> <span class='ocrx_word' id='word_1_207' title='bbox 824 2861 892 2902; x_wconf 92' lang='lat' dir='ltr'><strong>nou</strong></span> <span class='ocrx_word' id='word_1_208' title='bbox 928 2842 1049 2902; x_wconf 89' lang='lat' dir='ltr'><strong>edetis</strong></span> <span class='ocrx_word' id='word_1_209' title='bbox 1078 2843 1120 2902; x_wconf 92' lang='lat' dir='ltr'><strong>de</strong></span> <span class='ocrx_word' id='word_1_210' title='bbox 1142 2842 1196 2902; x_wconf 92' lang='lat' dir='ltr'><strong>eis</strong></span> <span class='ocrx_word' id='word_1_211' title='bbox 1228 2844 1375 2903; x_wconf 86' lang='lat' dir='ltr'><strong>crudam</strong></span> <span class='ocrx_word' id='word_1_212' title='bbox 1408 2859 1524 2916; x_wconf 89' lang='lat' dir='ltr'><strong>neque</strong></span> 
     </span>
    </p>
   </div>
   <div class='ocr_carea' id='block_1_3' title="bbox 454 3027 712 3089">
    <p class='ocr_par' dir='ltr' id='par_1_3' title="bbox 454 3027 712 3089">
     <span class='ocr_line' id='line_1_26' title="bbox 454 3027 712 3089; baseline 0 -9"><span class='ocrx_word' id='word_1_213' title='bbox 454 3027 472 3080; x_wconf 79' lang='lat'>8</span> <span class='ocrx_word' id='word_1_214' title='bbox 489 3027 537 3079; x_wconf 77' lang='lat' dir='ltr'><strong>Ex.</strong></span> <span class='ocrx_word' id='word_1_215' title='bbox 557 3027 599 3089; x_wconf 87' lang='grc'><strong>12,</strong></span> <span class='ocrx_word' id='word_1_216' title='bbox 616 3027 712 3080; x_wconf 87' lang='grc'>2-11.</span> 
     </span>
    </p>
   </div>
   <div class='ocr_carea' id='block_1_4' title="bbox 388 3192 1539 4278">
    <p class='ocr_par' dir='ltr' id='par_1_4' title="bbox 388 3192 1539 4278">
     <span class='ocr_line' id='line_1_27' title="bbox 455 3192 1526 3265; baseline -0.005 -16"><span class='ocrx_word' id='word_1_217' title='bbox 455 3195 693 3265; x_wconf 75' lang='lat' dir='ltr'><strong>aquae1quouo</strong></span> <span class='ocrx_word' id='word_1_218' title='bbox 817 3196 888 3263; x_wconf 85' lang='lat' dir='ltr'><strong>post]</strong></span> <span class='ocrx_word' id='word_1_219' title='bbox 907 3194 1032 3262; x_wconf 80' lang='lat' dir='ltr'><strong>posuitb</strong></span> <span class='ocrx_word' id='word_1_220' title='bbox 1158 3194 1306 3261; x_wconf 77' lang='lat' dir='ltr'><strong>deumque</strong></span> <span class='ocrx_word' id='word_1_221' title='bbox 1324 3209 1340 3246; x_wconf 88' lang='lat' dir='ltr'><strong>a</strong></span> <span class='ocrx_word' id='word_1_222' title='bbox 1359 3192 1407 3247; x_wconf 88' lang='lat' dir='ltr'><strong>deo</strong></span> <span class='ocrx_word' id='word_1_223' title='bbox 1425 3207 1473 3246; x_wconf 90' lang='lat' dir='ltr'><strong>uos</strong></span> <span class='ocrx_word' id='word_1_224' title='bbox 1493 3193 1526 3256; x_wconf 80' lang='lat'><strong>0,</strong></span> 
     </span>
     <span class='ocr_line' id='line_1_28' title="bbox 388 3279 1527 3350; baseline -0.005 -14"><span class='ocrx_word' id='word_1_225' title='bbox 388 3297 449 3336; x_wconf 87' lang='lat' dir='ltr'><strong>cum</strong></span> <span class='ocrx_word' id='word_1_226' title='bbox 467 3282 573 3350; x_wconf 88' lang='lat' dir='ltr'><strong>quando</strong></span> <span class='ocrx_word' id='word_1_227' title='bbox 591 3297 639 3334; x_wconf 92' lang='lat' dir='ltr'><strong>nos</strong></span> <span class='ocrx_word' id='word_1_228' title='bbox 656 3284 695 3344; x_wconf 84' lang='lat' dir='ltr'><strong>hc,</strong></span> <span class='ocrx_word' id='word_1_229' title='bbox 715 3297 782 3335; x_wconf 86' lang='lat' dir='ltr'><strong>onus</strong></span> <span class='ocrx_word' id='word_1_230' title='bbox 806 3281 833 3336; x_wconf 87' lang='lat' dir='ltr'><em>U</em></span> <span class='ocrx_word' id='word_1_231' title='bbox 941 3297 993 3334; x_wconf 90' lang='lat' dir='ltr'><strong>non</strong></span> <span class='ocrx_word' id='word_1_232' title='bbox 1012 3279 1129 3347; x_wconf 88' lang='lat' dir='ltr'><strong>tautum]</strong></span> <span class='ocrx_word' id='word_1_233' title='bbox 1149 3279 1330 3333; x_wconf 86' lang='lat' dir='ltr'><strong>notandumc</strong></span> <span class='ocrx_word' id='word_1_234' title='bbox 1438 3279 1527 3346; x_wconf 72' lang='lat' dir='ltr'><strong>lquo</strong></span> 
     </span>
     <span class='ocr_line' id='line_1_29' title="bbox 389 3364 1528 3435; baseline -0.004 -15"><span class='ocrx_word' id='word_1_235' title='bbox 389 3367 427 3435; x_wconf 82' lang='lat' dir='ltr'><strong>in]</strong></span> <span class='ocrx_word' id='word_1_236' title='bbox 446 3368 475 3420; x_wconf 95' lang='lat' dir='ltr'><strong>in</strong></span> <span class='ocrx_word' id='word_1_237' title='bbox 493 3383 546 3435; x_wconf 89' lang='lat' dir='ltr'><strong>quo</strong></span> <span class='ocrx_word' id='word_1_238' title='bbox 563 3368 592 3420; x_wconf 92' lang='lat' dir='ltr'><strong>in</strong></span> <span class='ocrx_word' id='word_1_239' title='bbox 610 3384 662 3430; x_wconf 87' lang='lat' dir='ltr'><strong>co,</strong></span> <span class='ocrx_word' id='word_1_240' title='bbox 681 3368 768 3435; x_wconf 86' lang='lat' dir='ltr'><strong>quob</strong></span> <span class='ocrx_word' id='word_1_241' title='bbox 875 3370 903 3418; x_wconf 90' lang='lat' dir='ltr'><strong>ot</strong></span> <span class='ocrx_word' id='word_1_242' title='bbox 920 3367 1058 3434; x_wconf 84' lang='lat' dir='ltr'><strong>praeterea</strong></span> <span class='ocrx_word' id='word_1_243' title='bbox 1076 3365 1100 3427; x_wconf 85' lang='lat' dir='ltr'><strong>b,</strong></span> <span class='ocrx_word' id='word_1_244' title='bbox 1119 3364 1258 3432; x_wconf 83' lang='lat' dir='ltr'><strong>praeteriti</strong></span> <span class='ocrx_word' id='word_1_245' title='bbox 1277 3367 1304 3416; x_wconf 88' lang='lat' dir='ltr'><strong>ct</strong></span> <span class='ocrx_word' id='word_1_246' title='bbox 1323 3379 1352 3417; x_wconf 84' lang='lat' dir='ltr'><strong>cc</strong></span> <span class='ocrx_word' id='word_1_247' title='bbox 1452 3364 1528 3417; x_wconf 90' lang='lat' dir='ltr'><strong>6in·</strong></span> 
     </span>
     <span class='ocr_line' id='line_1_30' title="bbox 390 3447 1529 3520; baseline -0.004 -14"><span class='ocrx_word' id='word_1_248' title='bbox 390 3452 523 3520; x_wconf 87' lang='lat' dir='ltr'><strong>cipiamh</strong></span> <span class='ocrx_word' id='word_1_249' title='bbox 632 3468 695 3520; x_wconf 83' lang='lat' dir='ltr'><strong>ergo</strong></span> <span class='ocrx_word' id='word_1_250' title='bbox 715 3453 841 3520; x_wconf 81' lang='lat' dir='ltr'><strong>itaquae</strong></span> <span class='ocrx_word' id='word_1_251' title='bbox 954 3450 1126 3504; x_wconf 86' lang='lat' dir='ltr'><strong>dilectissimi</strong></span> <span class='ocrx_word' id='word_1_252' title='bbox 1145 3465 1230 3503; x_wconf 72' lang='lat' dir='ltr'><strong>osae</strong></span> <span class='ocrx_word' id='word_1_253' title='bbox 1342 3449 1424 3503; x_wconf 82' lang='lat' dir='ltr'><strong>exodo</strong></span> <span class='ocrx_word' id='word_1_254' title='bbox 1444 3447 1529 3502; x_wconf 87' lang='lat' dir='ltr'><strong>deice·</strong></span> 
     </span>
     <span class='ocr_line' id='line_1_31' title="bbox 389 3533 1528 3607; baseline -0.005 -16"><span class='ocrx_word' id='word_1_255' title='bbox 389 3539 497 3593; x_wconf 88' lang='lat' dir='ltr'><strong>tioneb</strong></span> <span class='ocrx_word' id='word_1_256' title='bbox 575 3538 829 3607; x_wconf 82' lang='lat' dir='ltr'><strong>&#39;lcognosciunusc</strong></span> <span class='ocrx_word' id='word_1_257' title='bbox 909 3539 998 3604; x_wconf 86' lang='lat' dir='ltr'><strong>ipsum</strong></span> <span class='ocrx_word' id='word_1_258' title='bbox 1017 3534 1154 3588; x_wconf 90' lang='lat' dir='ltr'><strong>domiuum</strong></span> <span class='ocrx_word' id='word_1_259' title='bbox 1174 3535 1330 3589; x_wconf 80' lang='lat' dir='ltr'><strong>nostrumh</strong></span> <span class='ocrx_word' id='word_1_260' title='bbox 1411 3533 1476 3588; x_wconf 87' lang='lat' dir='ltr'><strong>8in</strong></span> <span class='ocrx_word' id='word_1_261' title='bbox 1495 3533 1528 3600; x_wconf 84' lang='lat' dir='ltr'><strong>t]</strong></span> 
     </span>
     <span class='ocr_line' id='line_1_32' title="bbox 390 3620 1495 3689; baseline -0.005 -11"><span class='ocrx_word' id='word_1_262' title='bbox 390 3623 421 3678; x_wconf 90' lang='lat' dir='ltr'><strong>hi</strong></span> <span class='ocrx_word' id='word_1_263' title='bbox 438 3625 572 3679; x_wconf 82' lang='lat' dir='ltr'><strong>terramb</strong></span> <span class='ocrx_word' id='word_1_264' title='bbox 676 3621 1146 3689; x_wconf 78' lang='lat' dir='ltr'><strong>10farso,lsccrcc,1oqucrso</strong></span> <span class='ocrx_word' id='word_1_265' title='bbox 1242 3620 1342 3674; x_wconf 87' lang='lat' dir='ltr'><strong>israhel</strong></span> <span class='ocrx_word' id='word_1_266' title='bbox 1360 3621 1377 3674; x_wconf 79' lang='lat' dir='ltr'><strong>l)</strong></span> <span class='ocrx_word' id='word_1_267' title='bbox 1394 3620 1495 3687; x_wconf 73' lang='lat' dir='ltr'><strong>atique</strong></span> 
     </span>
     <span class='ocr_line' id='line_1_33' title="bbox 392 3705 1539 3777; baseline -0.005 -13"><span class='ocrx_word' id='word_1_268' title='bbox 392 3712 424 3764; x_wconf 89' lang='lat'><strong>11</strong></span> <span class='ocrx_word' id='word_1_269' title='bbox 443 3710 573 3769; x_wconf 76' lang='lat' dir='ltr'><strong>decimae</strong></span> <span class='ocrx_word' id='word_1_270' title='bbox 676 3709 710 3762; x_wconf 90' lang='grc'><strong>12</strong></span> <span class='ocrx_word' id='word_1_271' title='bbox 727 3725 775 3777; x_wconf 91' lang='lat' dir='ltr'><strong>per</strong></span> <span class='ocrx_word' id='word_1_272' title='bbox 792 3708 914 3762; x_wconf 84' lang='lat' dir='ltr'><strong>domuse</strong></span> <span class='ocrx_word' id='word_1_273' title='bbox 1019 3708 1053 3760; x_wconf 88' lang='grc'><strong>13</strong></span> <span class='ocrx_word' id='word_1_274' title='bbox 1070 3708 1099 3759; x_wconf 90' lang='lat' dir='ltr'><strong>in</strong></span> <span class='ocrx_word' id='word_1_275' title='bbox 1117 3707 1253 3760; x_wconf 81' lang='lat' dir='ltr'><strong>domums</strong></span> <span class='ocrx_word' id='word_1_276' title='bbox 1357 3707 1390 3760; x_wconf 82' lang='lat'><strong>14</strong></span> <span class='ocrx_word' id='word_1_277' title='bbox 1409 3705 1539 3759; x_wconf 53' lang='lat' dir='ltr'><strong>uicinum¹</strong></span> 
     </span>
     <span class='ocr_line' id='line_1_34' title="bbox 390 3791 1529 3861; baseline -0.006 -11"><span class='ocrx_word' id='word_1_278' title='bbox 390 3799 450 3850; x_wconf 88' lang='lat' dir='ltr'><strong>etc</strong></span> <span class='ocrx_word' id='word_1_279' title='bbox 566 3794 600 3848; x_wconf 89' lang='lat'><strong>15</strong></span> <span class='ocrx_word' id='word_1_280' title='bbox 617 3795 768 3847; x_wconf 84' lang='lat' dir='ltr'><strong>animarum</strong></span> <span class='ocrx_word' id='word_1_281' title='bbox 788 3810 896 3846; x_wconf 85' lang='lat' dir='ltr'><strong>suarum</strong></span> <span class='ocrx_word' id='word_1_282' title='bbox 917 3810 949 3847; x_wconf 83' lang='lat' dir='ltr'><strong>co</strong></span> <span class='ocrx_word' id='word_1_283' title='bbox 1064 3795 1234 3861; x_wconf 86' lang='lat' dir='ltr'><strong>computate</strong></span> <span class='ocrx_word' id='word_1_284' title='bbox 1349 3792 1382 3845; x_wconf 88' lang='grc'><strong>16</strong></span> <span class='ocrx_word' id='word_1_285' title='bbox 1401 3791 1429 3844; x_wconf 88' lang='lat' dir='ltr'><strong>in</strong></span> <span class='ocrx_word' id='word_1_286' title='bbox 1449 3806 1529 3860; x_wconf 85' lang='lat' dir='ltr'><strong>quem</strong></span> 
     </span>
     <span class='ocr_line' id='line_1_35' title="bbox 392 3876 1530 3948; baseline -0.006 -12"><span class='ocrx_word' id='word_1_287' title='bbox 392 3883 503 3937; x_wconf 87' lang='lat' dir='ltr'><strong>onemh</strong></span> <span class='ocrx_word' id='word_1_288' title='bbox 646 3879 804 3934; x_wconf 83' lang='lat' dir='ltr'><strong>anniculum</strong></span> <span class='ocrx_word' id='word_1_289' title='bbox 822 3880 969 3948; x_wconf 86' lang='lat' dir='ltr'><strong>perlectum</strong></span> <span class='ocrx_word' id='word_1_290' title='bbox 989 3878 1138 3933; x_wconf 88' lang='lat' dir='ltr'><strong>masculum</strong></span> <span class='ocrx_word' id='word_1_291' title='bbox 1157 3894 1188 3933; x_wconf 83' lang='lat' dir='ltr'><strong>cc</strong></span> <span class='ocrx_word' id='word_1_292' title='bbox 1327 3877 1360 3930; x_wconf 80' lang='grc'><strong>11</strong></span> <span class='ocrx_word' id='word_1_293' title='bbox 1379 3876 1431 3931; x_wconf 86' lang='lat' dir='ltr'><strong>erit</strong></span> <span class='ocrx_word' id='word_1_294' title='bbox 1450 3877 1530 3930; x_wconf 89' lang='lat' dir='ltr'><strong>uobis</strong></span> 
     </span>
     <span class='ocr_line' id='line_1_36' title="bbox 391 3964 1496 4029; baseline -0.005 -6"><span class='ocrx_word' id='word_1_295' title='bbox 391 3985 442 4024; x_wconf 80' lang='lat' dir='ltr'><strong>osc.</strong></span> <span class='ocrx_word' id='word_1_296' title='bbox 461 3985 478 4022; x_wconf 86' lang='lat' dir='ltr'><strong>o</strong></span> <span class='ocrx_word' id='word_1_297' title='bbox 621 3969 650 4019; x_wconf 91' lang='lat' dir='ltr'><strong>et</strong></span> <span class='ocrx_word' id='word_1_298' title='bbox 667 3965 702 4019; x_wconf 90' lang='lat' dir='ltr'><strong>ab</strong></span> <span class='ocrx_word' id='word_1_299' title='bbox 720 3967 745 4029; x_wconf 83' lang='lat' dir='ltr'><strong>h,</strong></span> <span class='ocrx_word' id='word_1_300' title='bbox 764 3965 798 4018; x_wconf 87' lang='lat' dir='ltr'><strong>ab</strong></span> <span class='ocrx_word' id='word_1_301' title='bbox 816 3982 848 4020; x_wconf 85' lang='lat' dir='ltr'><strong>cv</strong></span> <span class='ocrx_word' id='word_1_302' title='bbox 994 3965 1027 4018; x_wconf 88' lang='grc'><strong>19</strong></span> <span class='ocrx_word' id='word_1_303' title='bbox 1046 3964 1167 4017; x_wconf 88' lang='lat' dir='ltr'><strong>occidunt</strong></span> <span class='ocrx_word' id='word_1_304' title='bbox 1189 3965 1228 4017; x_wconf 89' lang='lat' dir='ltr'><em>W</em></span> <span class='ocrx_word' id='word_1_305' title='bbox 1368 3979 1447 4016; x_wconf 89' lang='lat' dir='ltr'><strong>omne</strong></span> <span class='ocrx_word' id='word_1_306' title='bbox 1465 3979 1496 4018; x_wconf 82' lang='lat' dir='ltr'><strong>cv</strong></span> 
     </span>
     <span class='ocr_line' id='line_1_37' title="bbox 391 4047 1530 4123; baseline -0.008 -14"><span class='ocrx_word' id='word_1_307' title='bbox 391 4055 428 4109; x_wconf 90' lang='grc'><strong>20</strong></span> <span class='ocrx_word' id='word_1_308' title='bbox 445 4053 607 4123; x_wconf 79' lang='lat' dir='ltr'><strong>accipiunto</strong></span> <span class='ocrx_word' id='word_1_309' title='bbox 710 4051 744 4105; x_wconf 86' lang='grc'><strong>21</strong></span> <span class='ocrx_word' id='word_1_310' title='bbox 763 4051 902 4104; x_wconf 86' lang='lat' dir='ltr'><strong>liminaria</strong></span> <span class='ocrx_word' id='word_1_311' title='bbox 918 4050 942 4114; x_wconf 82' lang='lat' dir='ltr'><strong>b,</strong></span> <span class='ocrx_word' id='word_1_312' title='bbox 960 4050 1043 4103; x_wconf 82' lang='lat' dir='ltr'><strong>limen</strong></span> <span class='ocrx_word' id='word_1_313' title='bbox 1056 4065 1088 4103; x_wconf 86' lang='lat' dir='ltr'><strong>cv</strong></span> <span class='ocrx_word' id='word_1_314' title='bbox 1191 4048 1225 4102; x_wconf 91' lang='grc'><strong>22</strong></span> <span class='ocrx_word' id='word_1_315' title='bbox 1243 4047 1364 4102; x_wconf 86' lang='lat' dir='ltr'><strong>domusc</strong></span> <span class='ocrx_word' id='word_1_316' title='bbox 1468 4063 1530 4102; x_wconf 88' lang='lat' dir='ltr'><strong>eum</strong></span> 
     </span>
     <span class='ocr_line' id='line_1_38' title="bbox 393 4133 1527 4210; baseline -0.006 -15"><span class='ocrx_word' id='word_1_317' title='bbox 393 4140 484 4210; x_wconf 69' lang='lat' dir='ltr'><strong>edem]</strong></span> <span class='ocrx_word' id='word_1_318' title='bbox 504 4138 644 4193; x_wconf 86' lang='lat' dir='ltr'><strong>comeditis</strong></span> <span class='ocrx_word' id='word_1_319' title='bbox 662 4155 677 4193; x_wconf 93' lang='lat' dir='ltr'><strong>c</strong></span> <span class='ocrx_word' id='word_1_320' title='bbox 781 4137 816 4191; x_wconf 83' lang='grc'><strong>24</strong></span> <span class='ocrx_word' id='word_1_321' title='bbox 833 4134 1015 4190; x_wconf 88' lang='lat' dir='ltr'><strong>amaritudine</strong></span> <span class='ocrx_word' id='word_1_322' title='bbox 1032 4135 1057 4199; x_wconf 81' lang='lat' dir='ltr'><strong>b,</strong></span> <span class='ocrx_word' id='word_1_323' title='bbox 1075 4133 1191 4203; x_wconf 84' lang='lat' dir='ltr'><strong>pigridis</strong></span> <span class='ocrx_word' id='word_1_324' title='bbox 1210 4150 1242 4190; x_wconf 82' lang='lat' dir='ltr'><strong>co</strong></span> <span class='ocrx_word' id='word_1_325' title='bbox 1344 4133 1527 4188; x_wconf 84' lang='lat' dir='ltr'><strong>crudum-ooo·</strong></span> 
     </span>
     <span class='ocr_line' id='line_1_39' title="bbox 395 4227 640 4278; baseline 0 0"><span class='ocrx_word' id='word_1_326' title='bbox 395 4227 589 4278; x_wconf 87' lang='lat' dir='ltr'><strong>tum-assatum</strong></span> <span class='ocrx_word' id='word_1_327' title='bbox 607 4240 640 4278; x_wconf 87' lang='lat' dir='ltr'><strong>co</strong></span> 
     </span>
    </p>
   </div>
   <div class='ocr_carea' id='block_1_5' title="bbox 0 0 1891 4920">
    <p class='ocr_par' dir='ltr' id='par_1_5' title="bbox 0 0 1891 4920">
     <span class='ocr_line' id='line_1_40' title="bbox 0 0 1891 4920; baseline 0 0"><span class='ocrx_word' id='word_1_328' title='bbox 0 0 1891 4920; x_wconf 95' lang='lat' dir='ltr'><strong> </strong></span> 
     </span>
    </p>
   </div>
  </div>
 </body>
</html>
