3720 4920
396 323 460 387 264
865 325 1048 394 Appendlr.

396 481 479 539 eunio
491 481 633 540 residuum
645 499 715 556 opus
725 485 822 557 templi
832 487 1106 543 consummuuerunt.
1120 485 1195 557 quod
1202 484 1295 556 ipsum
1301 482 1416 554 quidem
1424 481 1452 538 iu
1460 479 1522 554 pri-

396 600 440 640 mo
449 582 522 642 libro
529 585 637 643 Esdrae
646 587 794 645 manifeste
806 590 1026 658 demonstratur,
1038 590 1112 661 quod
1122 591 1202 646 serto
1211 603 1284 645 anno
1294 582 1374 644 Darii
1387 583 1523 655 templum

396 685 449 744 boi
464 704 515 758 por
530 687 624 746 omnia
638 688 677 746 sit
692 694 924 750 consummatum.
948 691 984 749 ad
999 691 1047 748 Xlr
1069 690 1227 749 adiciamus
1244 690 1322 748 Darii
1338 690 1390 760 VI,
1407 690 1436 748 et
1450 690 1524 747 fiunt

395 787 444 844 XL
461 792 491 845 et
507 789 555 846 Vl.
573 789 675 861 quibus
691 791 773 848 annis
788 792 891 850 adiecti
906 796 974 850 srrnt
988 797 1047 850 tres
1062 792 1093 849 in
1108 792 1242 866 mysterio
1259 792 1401 865 pressionis
1423 793 1452 849 ot
1475 807 1516 850 re·

397 890 581 948 surrectionis
598 891 713 970 Christi,
730 896 759 951 ot
775 895 893 967 impleta
907 897 952 953 est
966 895 1142 953 bebdomada
1154 895 1285 967 septima.
1303 896 1333 951 et
1343 896 1411 952 tunc
1427 894 1546 966 plateas

396 994 425 1048 ot
436 992 574 1064 templum
596 997 626 1051 et
640 1011 737 1052 murus
752 1001 782 1054 et
795 997 859 1068 ipsa
872 997 975 1056 ciuItas
997 997 1215 1070 quadragesimo
1230 999 1260 1055 et
1274 1013 1347 1054 nono
1363 1013 1436 1055 anno
1452 1011 1519 1068 sup·

396 1093 473 1167 pleto
489 1112 540 1168 per
551 1096 646 1154 omnia
661 1098 786 1168 persocia
811 1103 841 1157 et
865 1103 994 1172 protecta
1008 1099 1267 1158 demonstrabatur.
1291 1097 1341 1156 sed
1361 1098 1414 1155 lroc
1428 1100 1518 1154 totum

396 1213 466 1268 opus
481 1196 511 1255 in
527 1202 704 1257 sacramento
719 1200 853 1259 ecclesiae
869 1202 1075 1274 perficiebatur.

347 1292 384 1349 17
438 1300 564 1372 Denique
576 1303 723 1360 uideamus
734 1305 801 1376 qnid
814 1304 868 1375 ipsi
881 1303 1018 1361 XerIllI
1031 1305 1098 1363 anui
1110 1304 1282 1376 significent.
1295 1320 1351 1361 nou
1363 1302 1423 1361 sino
1436 1317 1523 1359 causa

396 1403 470 1459 onim
485 1402 563 1460 Dens
578 1403 671 1462 uoluit
686 1405 715 1461 in
729 1408 838 1476 septem
857 1406 1079 1463 hebdomadibus
1096 1409 1153 1463 tam
1177 1423 1310 1478 maguum
1334 1407 1362 1462 id
1384 1406 1430 1460 cst
1451 1420 1517 1475 pro·
1532 1423 1557 1461 ro

396 1506 538 1577 piraticum
555 1525 624 1579 opus
640 1506 835 1565 consummari.
852 1507 905 1565 boc
919 1510 1014 1565 autem
1030 1508 1112 1566 modo
1123 1508 1318 1581 propheticum
1332 1505 1420 1564 frisso
1436 1504 1522 1563 intel·

395 1608 505 1679 ligitur,
524 1627 587 1666 cum
599 1610 634 1666 do
645 1609 781 1666 XLVIIII
792 1609 875 1666 annis
886 1609 916 1665 in
928 1609 1040 1666 nomine
1052 1610 1117 1666 lesu
1129 1608 1237 1666 Christi
1250 1611 1343 1667 docem
1357 1611 1387 1666 et
1398 1613 1461 1666 octo
1476 1622 1523 1664 se·

396 1714 551 1784 gregantur
566 1715 596 1769 et
618 1714 766 1769 remanent
781 1712 885 1768 XXXI:
902 1713 1005 1783 quibus
1020 1711 1161 1784 suppletis
1172 1712 1302 1770 Christus
1314 1711 1394 1768 Iesus
1411 1717 1524 1784 propter

395 1812 569 1870 credentium
581 1813 703 1870 salutem
715 1830 816 1884 passus
828 1816 872 1871 est
887 1816 917 1870 et
932 1813 1097 1882 resurrexit,
1114 1816 1143 1871 et
1158 1831 1208 1885 por
1220 1817 1310 1869 semet
1323 1812 1415 1885 ipsum
1426 1812 1521 1870 omnia

396 1914 522 1986 perfecta
538 1916 677 1972 ostendit:
694 1918 724 1972 ot
739 1916 873 1987 templum
890 1917 962 1987 quod
980 1934 1034 1974 uon
1046 1916 1179 1973 humanis
1190 1916 1240 1972 sed
1257 1915 1317 1971 suis
1332 1913 1422 1972 sacris
1435 1913 1524 1971 mani·
1536 1930 1560 1968 rs

396 2021 449 2077 bus
464 2020 500 2076 ob
516 2019 663 2091 imperium
680 2018 769 2089 patris
785 2016 828 2074 sui
851 2016 1005 2089 plasmauit
1031 2035 1088 2076 non
1103 2019 1165 2075 oleo
1181 2017 1231 2074 sod
1247 2015 1350 2089 spiritu
1367 2016 1418 2073 Dei
1442 2015 1524 2073 unxit

396 2123 425 2178 ot
440 2121 584 2179 ciuitatem
612 2121 640 2176 id
663 2123 708 2177 est
730 2119 878 2178 ecclesiam
900 2119 1042 2190 lapidibus
1067 2118 1251 2177 sanctificatis
1274 2117 1436 2177 aedificanit
1451 2119 1479 2175 ot
1495 2117 1524 2174 in

396 2223 459 2294 ipsa
473 2224 597 2296 plateam
614 2222 771 2280 censtItuit.
803 2220 898 2292 platea
920 2224 1013 2278 autom
1030 2223 1073 2279 ost
1089 2221 1135 2277 uia
1151 2222 1229 2278 recta
1244 2224 1274 2278 et
1299 2219 1394 2293 plena,
1424 2218 1452 2274 in
1469 2235 1526 2289 que

396 2327 576 2382 ambulantos
606 2325 775 2396 perusnIunt
804 2325 840 2381 ad
867 2325 956 2380 uitam
972 2327 1124 2381 aeternam.
1148 2323 1214 2379 huic
1240 2322 1353 2379 ciuitati
1379 2323 1482 2380 fortem
1497 2325 1527 2382 et

397 2425 645 2499 inexpugnabilem
662 2444 772 2483 murum
788 2425 816 2483 id
833 2427 877 2483 ost
902 2427 1030 2483 sanctum
1055 2442 1156 2482 nornen
1179 2442 1261 2482 suum
1278 2424 1442 2482 constituit:
1474 2439 1561 2498 perro

397 2530 470 2600 quod
487 2545 587 2587 nomen
603 2546 699 2586 ornnes
714 2529 891 2586 aduersarios
907 2528 1025 2599 pedibus
1040 2528 1101 2585 eins
1117 2527 1231 2585 subicit.
1242 2532 1272 2584 et
1287 2544 1351 2585 ecce
1367 2527 1418 2584 llei
1434 2527 1528 2595 gratia

397 2647 480 2702 quam
493 2629 678 2701 praeclareat
690 2629 870 2688 admirabilia
884 2629 965 2687 uobis
981 2632 1095 2686 ostensa
1110 2632 1178 2685 sunt
1193 2647 1242 2701 per
1254 2646 1342 2687 cunnos
1354 2627 1526 2698 XXXVIIII,

396 2733 444 2804 qui
459 2732 526 2789 anui
542 2750 557 2790 o
573 2733 713 2791 contrario
730 2732 890 2791 infidelibus
903 2737 933 2789 ot
944 2731 1167 2803 persecutionem
1180 2733 1273 2790 seruis
1286 2732 1337 2790 Ilei
1352 2730 1524 2789 facientibus

396 2850 528 2906 magnam
544 2835 739 2891 demonstrant
752 2838 986 2906 superuenturam
1001 2835 1202 2891 calamitatum.
1218 2851 1276 2905 qaia
1298 2836 1392 2889 euntem
1419 2831 1527 2889 ratione

397 2934 559 2993 uideamus:
575 2935 622 2993 hic
638 2936 714 2993 enirn
730 2936 849 2993 muudus
865 2936 893 2992 iu
919 2953 974 3008 quo
999 2936 1067 2993 insti
1094 2938 1123 2992 ot
1145 2934 1246 2992 iniusti
1263 2935 1299 2992 ab
1322 2933 1403 2991 inItio
1419 2933 1525 2992 saeculi
1537 2951 1561 2991 us

395 3041 601 3095 commoueantur
615 3054 664 3095 sex
680 3037 779 3095 dicbus
795 3040 838 3095 est
849 3041 1071 3106 consummatus,
1089 3037 1192 3109 quibus
1205 3034 1348 3109 suppletis
1359 3036 1526 3094 benedictus

396 3141 440 3196 ost
454 3139 516 3196 dies
532 3141 670 3212 septimus
685 3140 734 3197 illo
750 3143 970 3212 supernanturus
986 3139 1098 3196 sabbati
1115 3139 1233 3196 aeterni.
1251 3139 1280 3194 in
1293 3139 1338 3195 his
1351 3139 1446 3209 itaque
1458 3138 1519 3196 die·

465 3423 483 3473 2
501 3422 612 3474 hesdrae
630 3423 645 3469 l»
749 3423 766 3474 3
783 3421 821 3474 sit
839 3437 885 3488 par
903 3421 992 3473 omunia
1011 3438 1041 3473 cu
1150 3420 1219 3472 darii
1238 3436 1288 3471 orn.
1308 3422 1323 3467 lr
1427 3420 1444 3469 5
1463 3419 1526 3472 hob·

397 3507 552 3559 demadesu
668 3506 804 3573 plateasc
919 3507 1289 3572 Ip1·otcctalr,munitaco
1412 3506 1446 3557 10
1463 3505 1526 3558 heb

397 3591 523 3646 ‹lomudns
542 3593 556 3642 il
661 3590 854 3660 propheticum]
872 3591 1018 3658 perlectum
1037 3592 1053 3642 lr
1167 3592 1199 3642 11
1219 3592 1394 3642 corrsemmari
1412 3591 1428 3643 b
1446 3597 1470 3644 et
1488 3592 1528 3645 sic

397 3695 477 3745 strepa
582 3677 658 3729 ruodo
677 3694 759 3730 orme
860 3677 1055 3745 propheticum]
1076 3677 1222 3744 perlectum
1242 3679 1257 3726 lr
1351 3676 1527 3746 intelligitur]

397 3764 484 3831 igitur
501 3765 516 3813 la
639 3764 671 3816 12
689 3767 884 3829 congregantur
903 3765 918 3813 lr
1042 3762 1075 3814 16
1093 3762 1126 3814 ob
1144 3763 1255 3829 imperio
1274 3765 1297 3826 b,
1316 3763 1458 3816 secundnm
1478 3763 1529 3816 im-

398 3851 499 3917 perium
518 3866 548 3902 co
678 3848 825 3915 plasmeuit
843 3848 866 3910 b,
885 3847 1013 3900 forruauit
1034 3864 1065 3900 co
1198 3847 1231 3898 18
1249 3848 1366 3915 plateam
1385 3849 1528 3902 constituit

397 3936 482 3986 mab
588 3936 616 3985 ot
634 3935 714 4001 plana
732 3950 781 3985 om.
801 3934 816 3983 b
925 3934 959 3985 21
978 3934 1005 3984 ot
1023 3948 1081 3984 ecce
1100 3933 1123 3995 b,
1151 3948 1209 3985 ecoe
1227 3949 1258 3986 co
1361 3936 1396 3986 22
1414 3933 1528 3986 admira·

399 4019 465 4072 bilia
483 4020 584 4073 nobilia
602 4036 616 4072 c
760 4019 793 4072 23
812 4018 875 4071 anni
893 4020 916 4087 e]
936 4017 1041 4071 animae
1060 4035 1074 4071 c
1203 4017 1238 4070 24
1255 4018 1319 4084 quia
1337 4020 1426 4070 autom
1445 4018 1529 4070 ratiu-

398 4122 456 4158 nom
476 4123 490 4159 c
600 4106 635 4158 25
653 4105 752 4159 etenim
771 4106 787 4158 b
899 4103 932 4157 ab
950 4104 1043 4172 initio]
1062 4103 1231 4157 habitatione
1248 4104 1264 4156 l)
1374 4103 1407 4154 27
1426 4103 1529 4157 scilicet

398 4191 445 4243 ille
464 4191 487 4253 b,
506 4190 550 4243 illi
568 4190 703 4244 sciliceta
