3720 4920
403 382 466 450 196
873 378 1058 449 appendix.

401 552 494 610 quae
515 535 667 597 uidetur
688 538 782 612 apud
803 536 969 597 homines
991 539 1093 596 reeta
1116 553 1213 596 esse:
1247 535 1449 596 nouissima
1471 553 1534 595 au·

399 641 470 699 tem
487 639 567 700 eius
589 640 749 701 ueniunt
771 639 807 699 in
828 640 1048 715 protundum
1070 640 1280 702 inferorum.

350 738 392 798 20
445 741 499 801 Sed
528 741 625 802 aiunt:
646 733 684 802 ‘si
703 743 739 802 de
765 742 820 802 hae
848 742 1045 803 oeniunotione
1075 742 1172 802 olerioi
1201 743 1384 815 denotantur,
1414 741 1531 801 notmdi

399 845 468 904 sunt
494 843 581 903 etiam
608 843 702 904 saneti
731 843 859 918 plerique
888 843 1052 917 nobiseum,
1088 844 1151 905 siue
1192 843 1293 904 Helias
1333 843 1384 918 qui
1424 841 1532 902 mansit

399 945 475 1019 apud
496 945 623 1018 uiduam,
646 945 708 1006 siue
729 945 853 1019 apostoli
867 945 917 1021 qui
938 945 1073 1005 mulieres
1088 961 1183 1005 seeum
1204 945 1321 1005 remites
1337 943 1556 1004 circumduce-s

398 1044 479 1119 bant,
495 1050 528 1106 nt
543 1047 685 1108 Iohannes
700 1048 750 1123 qui
764 1052 884 1108 matrem
900 1048 1013 1108 Domini
1027 1048 1186 1122 adsumpsit
1200 1050 1298 1108 eodem
1313 1046 1435 1107 Domino
1450 1045 1531 1105 dele·

399 1151 497 1221 gente,
512 1149 636 1222 antipae
648 1149 795 1222 Dominus,
811 1150 858 1209 eui
873 1150 908 1210 de
920 1150 980 1210 suis
991 1150 1179 1210 facultatibus
1191 1150 1328 1209 alimenta
1343 1148 1533 1222 praestabant

400 1251 513 1324 aliquae
528 1250 663 1310 mulieres
679 1251 841 1325 religiosae,
857 1251 903 1311 eui
919 1252 1005 1311 etiam
1019 1251 1137 1311 Martha
1151 1249 1336 1310 ministrabat
1351 1251 1388 1309 ad
1403 1265 1531 1311 mensam

399 1355 429 1412 et
443 1352 493 1427 qni
509 1352 695 1428 singulariter
708 1352 821 1414 loeutus
836 1356 881 1413 est
895 1354 932 1412 ad
947 1357 1064 1428 puteum
1080 1354 1182 1413 sedens
1209 1370 1272 1413 eum
1287 1351 1451 1425 alienigena
1466 1365 1531 1408 mu·

399 1454 469 1513 liere
485 1455 663 1515 Samantane
688 1455 734 1514 uel
765 1456 811 1515 oui
836 1454 1012 1516 recumbenti
1037 1454 1144 1515 femina
1159 1454 1286 1515 lacrimis
1300 1454 1388 1529 pedes
1411 1453 1486 1512 lauit
1500 1454 1532 1511 et
1541 1471 1571 1510 ro

399 1555 513 1630 capillis
528 1551 667 1618 extersit’.
694 1555 792 1617 callidi
817 1560 1063 1632 argumentatores
1087 1560 1118 1615 et
1145 1557 1216 1615 iuris
1242 1555 1331 1631 periti
1344 1554 1464 1614 fallaoee
1479 1553 1531 1628 qui
1555 1631 1557 1635 y

398 1656 466 1717 dum
481 1659 600 1732 eupiunt
614 1658 821 1731 praeuarieari,
844 1659 1053 1719 oontronersias
1079 1660 1260 1733 actionesque
1276 1674 1425 1718 eausarum
1441 1656 1530 1715 etiam

397 1760 462 1834 ipsa
476 1760 541 1820 iura
554 1762 764 1833 transuertnut,
780 1763 810 1819 et
825 1778 889 1820 oum
904 1759 1005 1820 nolunt
1021 1759 1238 1834 conpetentibus
1254 1758 1376 1819 eoereeri
1392 1756 1529 1816 iussioni·

399 1864 452 1922 bus
477 1863 592 1935 legum,
618 1861 654 1920 ad
680 1861 850 1922 inludendes
872 1864 980 1923 iudices
1004 1863 1269 1923 interuenientibus
1297 1860 1433 1935 exemplis
1449 1861 1532 1918 uelut

398 1962 508 2021 similes
522 1963 699 2022 oouieoturas
714 1963 787 2022 iuris
803 1964 939 2024 obiciunt.
963 1965 1012 2037 qui
1027 1982 1078 2038 per
1092 1963 1269 2024 Salomonem
1284 1963 1375 2036 ipsius
1390 1962 1465 2035 legis
1481 1978 1529 2020 sa·
1540 1982 1567 2020 ra

398 2065 523 2137 gaoitate
549 2065 724 2137 produntur:
754 2067 943 2138 perorator,
977 2065 1087 2140 inquit,
1117 2067 1220 2125 bomo
1242 2065 1362 2124 euitat
1384 2078 1528 2136 eorrep-

397 2165 531 2225 tionem
555 2169 591 2224 et
612 2165 654 2226 ad
676 2165 906 2225 uoluntatem
932 2184 1030 2226 suam
1046 2165 1193 2226 inuenit
1208 2164 1527 2239 comparationem.

397 2267 470 2327 tales
484 2267 576 2340 igitur
590 2283 645 2326 uon
661 2268 741 2339 prius
755 2285 806 2341 per
821 2269 979 2328 orationem
993 2268 1044 2327 sed
1058 2286 1109 2342 per
1119 2268 1325 2340 eorreptionem
1337 2267 1416 2340 prius
1432 2266 1528 2324 reuiu-

398 2368 480 2427 oeudi
495 2370 579 2440 sunt,
607 2370 639 2426 ut
654 2385 710 2426 uon
725 2371 792 2428 ante
807 2370 1005 2442 interpretatis
1020 2370 1197 2429 orationibus
1217 2370 1415 2438 instruantur,
1443 2384 1527 2439 quam

400 2469 549 2528 amiserint
564 2469 640 2543 quod
656 2469 693 2527 ad
708 2469 882 2530 defensionis
897 2471 1033 2530 solaeiom
1048 2475 1251 2545 reppererunt:
1267 2472 1343 2529 siout
1357 2487 1409 2528 uos
1425 2470 1528 2527 eduer·
1538 2490 1568 2532 re

398 2587 447 2629 eus
474 2570 637 2629 huiusmodi
653 2571 782 2630 homines
797 2571 929 2632 Salomon
943 2574 1042 2632 edocet
1069 2573 1183 2633 diosus:
1207 2571 1302 2644 noli,
1333 2570 1444 2644 iuquit,
1474 2584 1527 2628 re·

399 2672 581 2747 spondere
603 2672 805 2745 insipienti
821 2674 865 2732 ad
887 2675 1299 2749 ipsiusiusipientiam,
1322 2689 1363 2732 ne
1388 2671 1529 2731 similis

399 2772 473 2833 iias
505 2772 585 2831 illi:
620 2775 681 2832 sed
703 2778 885 2849 responde
918 2777 1120 2850 insipienti
1143 2780 1272 2837 contra
1294 2776 1414 2849 ipsius
1436 2773 1528 2832 insi·

398 2873 593 2949 pientiam,
616 2877 654 2933 ut
676 2891 744 2934 uon
767 2877 940 2936 uideatur
962 2879 1035 2937 sibi
1051 2879 1200 2952 sapiens
1222 2894 1314 2936 esse.

347 2982 386 3041 21
440 2975 482 3036 Re
495 2993 564 3035 uera
578 2977 676 3052 magni
691 2978 819 3038 homiues
834 2979 883 3053 qui
895 2995 926 3038 se
941 2984 1105 3053 comparant
1117 2981 1234 3052 sanetis,
1251 2979 1564 3038 eterimiaoonue1··rs

396 3079 470 3137 satio
485 3080 585 3137 nostra
599 3093 672 3151 quae
688 3081 836 3153 prophetis
852 3081 898 3140 uel
913 3082 1051 3156 apostolis
1066 3083 1196 3141 uideatur
1219 3082 1356 3155 aequalis.
1380 3082 1416 3140 ad
1443 3096 1526 3139 oooa-

396 3178 505 3238 sionem
517 3179 646 3237 luxuriae
662 3183 776 3240 uestrae
793 3182 823 3240 in
837 3200 1001 3255 peruersum
1018 3188 1132 3243 sanotee
1144 3185 1274 3243 uolumus
1289 3183 1396 3242 imitari
1408 3187 1438 3241 et
1450 3183 1525 3240 inter

395 3285 504 3340 eeteros
520 3285 601 3340 aetus
617 3283 740 3356 uestigia
755 3284 894 3344 iustorum
911 3286 1039 3345 nolumus
1056 3288 1146 3359 sequi.
1170 3288 1198 3345 in
1213 3287 1382 3360 quibusdam
1397 3285 1524 3343 infirmos

393 3398 446 3442 nos
475 3400 640 3442 excusamus
664 3384 701 3442 ad
729 3384 869 3446 imitanda
895 3387 972 3446 laeta
986 3388 1123 3447 maiorum
1139 3393 1169 3447 et
1192 3389 1221 3446 in
1236 3389 1302 3447 aliis
1318 3387 1450 3460 aequales
1473 3402 1525 3444 noe

461 3614 495 3666 16
513 3614 564 3667 Sir.
582 3615 617 3668 32
636 3616 698 3682 (35),
719 3616 759 3670 17.
862 3619 896 3672 21
914 3619 994 3672 Prou.
1012 3620 1055 3682 26,
1072 3621 1097 3674 4.
1116 3621 1140 3674 5.

460 3818 696 3875 2inlernorumo
804 3823 898 3877 dsiue
920 3824 950 3889 O,
968 3822 1072 3880 aiente
1181 3829 1249 3883 9ed
1269 3833 1378 3897 putenm
1399 3847 1433 3885 er
1451 3831 1523 3900 apud

391 3917 450 3957 eum
472 3903 577 3959 ΟΜ
679 3906 859 3977 alienigenam
877 3910 1018 3965 mulierem
1036 3913 1229 3968 samaritanam
1247 3916 1280 3971 0¹
1385 3917 1419 3970 18
1437 3917 1522 3986 igitur

394 3989 423 4052 Ο,
442 4005 539 4059 ergoe
625 3991 700 4060 prius
718 4008 763 4062 per
786 3994 815 4059 0,
833 4010 913 4064 pere
1002 4000 1194 4068 eorreptionem
1217 4001 1247 4066 0,
1266 4004 1488 4058 correctioneme

390 4074 465 4143 prins
488 4075 529 4140 θ’,
549 4076 639 4144 potius
661 4079 713 4133 Οὐ
857 4084 890 4137 19
908 4083 1057 4138 rationibus
1079 4086 1102 4141 0
1242 4089 1278 4142 20
1295 4088 1455 4144 admiserint
1471 4109 1488 4144 v

390 4159 425 4214 22
442 4161 583 4231 insipienti
606 4162 674 4219 Cin
691 4180 747 4222 ree.
766 4170 837 4222 Μ
962 4170 995 4224 27
1015 4171 1043 4225 in
1066 4172 1125 4226 Ca.
1145 4174 1162 4225 t.
1286 4174 1356 4230 iuter
1379 4175 1407 4242 0,
1425 4176 1452 4230 in
1472 4193 1488 4230 e

390 4246 424 4300 29
443 4262 490 4301 nos
508 4249 631 4316 aequales
650 4267 667 4305 e
