3720 4920
878 332 1062 401 Appendir.

601 491 763 551 Trensuens
776 507 833 550 non
846 493 938 550 rector
951 492 1131 550 Sodomorum
1145 491 1244 564 iugera
1258 489 1357 549 libres.

600 593 685 651 Nune
699 593 788 666 igitur
801 594 864 651 tute
879 592 940 665 ipse
953 592 1026 663 lues,
1043 593 1116 666 quod
1131 596 1231 651 nostre
1245 590 1346 665 cupido
1362 593 1417 662 est,

539 694 580 752 60
600 695 656 754 Pro
671 695 747 753 netis
763 711 868 768 proquo
883 694 1060 768 hospitibus:
1076 694 1148 754 setis
1163 712 1236 753 unus
1250 693 1280 752 in
1294 711 1401 754 omnes.

600 796 727 856 Dictaei
741 797 817 856 facts
831 797 930 855 amul:
954 797 1035 870 uulgi
1048 813 1126 855 mors
1139 796 1220 855 nulls
1234 795 1366 856 furentis.

599 900 741 960 Turbidus
756 901 873 960 hiberno
887 917 939 960 ceu
955 900 1081 959 uoluitur
1095 901 1199 973 impeto
1214 902 1335 968 torrens,

602 1000 738 1060 Biuorum
752 1002 914 1061 innumeros
929 1018 984 1059 uno
999 1003 1072 1076 pede
1086 1001 1221 1061 subuehit
1234 1017 1348 1059 omnes:

600 1102 630 1162 Si
643 1121 702 1177 qus
715 1103 775 1162 illie
789 1105 873 1163 arbor
886 1103 993 1176 rapidis
1009 1104 1161 1164 offenditur
1176 1104 1271 1175 undis,

538 1205 577 1263 65
599 1206 683 1263 Hund
697 1223 831 1264 mensure
845 1205 893 1263 diu
908 1210 1045 1280 quantum
1060 1206 1154 1265 radice
1169 1206 1267 1264 licebit

602 1305 726 1365 Crinitus
741 1307 841 1366 durare
856 1323 965 1366 mores:
981 1308 1030 1367 ubi
1045 1307 1143 1367 subter
1157 1307 1272 1366 sdesm

600 1408 701 1466 Perdit
716 1409 832 1467 humum
846 1409 1029 1468 circumfosso
1044 1410 1101 1468 ism
1114 1410 1231 1467 caudice
1242 1408 1379 1481 pendens,

602 1509 667 1569 Huc
680 1509 749 1569 illuc
763 1513 869 1583 eertum
883 1510 979 1569 differt
992 1512 1102 1569 ineerta
1116 1512 1235 1570 ruinam.

602 1611 687 1670 Haud
702 1611 787 1670 aliter
801 1613 875 1670 Loth
890 1612 920 1669 iu
934 1613 1029 1671 medis
1042 1613 1183 1686 uertigine
1199 1613 1280 1684 uulgi

543 1711 585 1768 70
605 1711 734 1771 Nutubut
749 1713 825 1771 uinci
838 1729 926 1786 prope
941 1713 1014 1773 ianm
1030 1714 1080 1772 sed
1095 1714 1161 1771 dius
1175 1716 1305 1786 potestus

604 1814 751 1885 Subuenit‚
765 1814 888 1886 angelici
902 1814 1020 1873 iuuenes
1035 1816 1070 1873 de
1085 1815 1183 1874 limine
1197 1816 1310 1888 rsptum

606 1915 772 1974 Restituunt
786 1916 887 1975 tectis:
910 1918 1025 1975 demens
1040 1918 1091 1974 sed
1107 1918 1212 1990 uulgus
1226 1917 1331 1976 ibidem

607 2017 765 2077 Poenarum
779 2018 913 2092 auspiciis
929 2019 1072 2077 interdum
1085 2018 1191 2079 lumine
1207 2019 1340 2078 multant.

649 2121 719 2178 Tum
733 2122 846 2180 decreta
861 2121 914 2178 Dei
928 2124 1068 2191 reserent,
1084 2121 1199 2192 dignam
1213 2121 1300 2178 effare
1315 2137 1434 2193 poenum

547 2221 586 2279 75
609 2220 651 2280 De
666 2221 743 2280 coelo
758 2222 895 2292 Sodomis,
911 2222 1005 2295 ipsum
1021 2223 1158 2281 meruisse
1172 2222 1296 2280 selutem

607 2322 737 2382 Iustitiae
751 2324 850 2382 titulo:
866 2325 935 2396 quin
949 2340 1017 2396 ergo
1032 2324 1189 2395 accingeris
1203 2323 1291 2382 istinc

608 2424 754 2483 Festinare
769 2425 866 2496 iugum
880 2425 1043 2497 pariterque
1059 2426 1176 2483 educere
1192 2425 1218 2482 si
1233 2441 1315 2497 quem

608 2524 706 2584 Genus
721 2526 825 2584 hebes:
841 2543 892 2584 nos
907 2526 1023 2585 exitium
1038 2527 1095 2585 iem
1109 2526 1269 2584 inducimus
1285 2523 1356 2583 urbi.

607 2628 681 2686 Loth
695 2643 815 2702 generos
830 2628 904 2687 citus
919 2628 1090 2701 alloquitur,
1114 2628 1163 2687 sed
1178 2630 1249 2686 dure
1263 2627 1406 2685 hominum
1421 2642 1499 2684 mens

547 2729 589 2787 80
611 2728 729 2789 Credere
744 2731 872 2803 despexit
886 2732 1023 2790 monitum
1038 2731 1159 2804 risitque
1173 2731 1310 2788 timorem.

491 3063 526 3117 58
543 3080 595 3117 non
612 3065 698 3117 rector
710 3063 776 3126 AB,
794 3067 927 3117 connector
937 3061 990 3125 Ro,
1008 3078 1072 3115 num
1089 3064 1174 3115 rector
1185 3080 1209 3126 a,
1227 3078 1298 3115 nunc
1314 3064 1399 3116 rector
1415 3061 1501 3116 Oxos

423 3147 516 3216 ingere
538 3147 621 3201 libres
639 3148 674 3211 A,
696 3147 788 3216 ingere
810 3148 864 3200 ires
880 3148 918 3212 H,
942 3150 973 3201 ut
990 3148 1096 3215 iugarat
1112 3148 1166 3200 irae
1182 3148 1218 3211 R,
1237 3151 1268 3201 ut
1285 3147 1390 3216 ingerat
1406 3148 1460 3200 ires
1477 3147 1538 3203 Mo

423 3232 516 3298 retiae,
543 3236 623 3301 etque
642 3233 743 3302 ingerit
763 3235 815 3286 iras
839 3232 935 3298 Oxeas,
960 3231 1081 3302 duplicet
1106 3233 1160 3287 iras
1182 3233 1336 3298 Fabricius,
1360 3234 1451 3301 ingere
1469 3231 1538 3287 libas

424 3319 493 3373 cosi.
511 3319 624 3383 Mitior,
644 3319 738 3388 iugera
756 3318 848 3371 edibon
864 3318 930 3382 sort.
1033 3319 1067 3372 59
1084 3319 1151 3388 lues]
1169 3318 1241 3371 leues
1255 3319 1286 3371 H
1388 3319 1422 3372 62
1438 3334 1485 3372 eeu
1502 3321 1537 3381 A,

425 3403 488 3458 dnm
505 3404 570 3469 HR,
589 3407 621 3457 ut
637 3404 700 3457 dum
717 3421 735 3459 o
840 3405 875 3458 63
891 3406 919 3458 in
936 3419 1060 3458 numeros
1077 3405 1115 3468 Η,
1134 3420 1258 3457 numeros
1275 3403 1311 3460 R.
1329 3420 1370 3459 nc
1387 3419 1494 3458 numero
1511 3403 1538 3456 A

425 3494 453 3557 (s
471 3493 554 3559 erae.)
656 3506 737 3543 unum
754 3493 779 3544 A
880 3490 1007 3543 subuehit
1024 3490 1059 3554 A,
1077 3489 1186 3542 uehitur
1202 3489 1267 3553 HR,
1292 3489 1376 3543 fertur
1392 3490 1539 3544 Fabricius

426 3581 487 3629 eto
576 3591 679 3629 emnem
698 3576 733 3643 A,
751 3592 827 3628 smne
845 3576 883 3640 Η,
900 3577 930 3629 in
947 3591 1038 3629 amnes
1056 3576 1092 3639 R,
1109 3574 1138 3628 in
1155 3591 1279 3628 omneso
1370 3576 1536 3628 innumerum

426 3677 508 3730 prono
532 3661 587 3727 (ael
613 3662 831 3729 innumeramque
857 3664 920 3729 uno)
942 3661 1008 3729 pede
1035 3659 1161 3714 subuehit
1183 3676 1278 3729 agmen
1305 3661 1374 3714 coni.
1400 3660 1506 3714 Miller

428 3746 462 3800 64
479 3748 503 3801 ei
521 3762 586 3816 quss
603 3746 644 3800 R'
722 3746 822 3800 rabidis
839 3749 909 3801 coni.
928 3747 1033 3800 Moser
1132 3746 1167 3800 65
1183 3760 1308 3800 mensura
1325 3747 1353 3796 Η
1437 3746 1470 3799 67
1490 3746 1540 3798 cir-

428 3872 488 3910 cum
507 3825 563 3912 riso
580 3857 607 3910 A
724 3858 758 3911 69
776 3856 862 3910 medio
881 3857 909 3911 R
1026 3858 1108 3924 uulgo
1125 3857 1156 3910 Η
1160 3859 1168 3886 ¹
1288 3858 1322 3911 70
1338 3856 1449 3910 notebst
1467 3859 1507 3910 A·

430 3943 463 3996 71
482 3942 571 4011 angeli
583 3942 611 3997 R
711 3943 745 3996 72
762 3942 818 4011 sed]
836 3946 864 3995 et
874 3944 903 3996 A
1003 3942 1038 3996 73
1055 3943 1183 4012 hospiciis
1194 3944 1233 3997 A'
1338 3942 1453 3996 interdiu
1471 3943 1541 3996 coni.

430 4027 551 4082 naseas
669 4028 771 4082 lumine
789 4029 817 4084 R
932 4044 959 4096 p.
976 4042 998 4080 a
1018 4027 1149 4080 multetur
1166 4028 1268 4081 lumine
1285 4027 1344 4082 diro
1361 4028 1507 4082 Fabricius

432 4113 466 4166 74
484 4114 547 4166 tnnc
564 4112 638 4167 nso
727 4117 827 4167 secretu
843 4113 876 4167 H
940 4113 1019 4167 affore
1037 4113 1076 4176 H,
1093 4112 1148 4167 fore
1166 4113 1202 4178 B,
1221 4113 1278 4167 iore
1295 4115 1322 4167 A
1412 4114 1444 4166 77
1464 4129 1541 4181 quem

432 4196 510 4262 HA',
528 4200 625 4265 queunt
642 4200 690 4261 A',
708 4199 773 4266 quid
791 4198 834 4253 Ro
983 4199 1018 4253 80
1036 4199 1151 4269 dispexit
1169 4201 1195 4254 A
1348 4201 1463 4269 resitque
1482 4203 1509 4252 Η
