3720 4920
396 387 438 450 34
871 380 1055 450 Appendin

394 539 522 612 praemia
537 545 567 597 et
581 541 683 612 parata
697 538 871 610 discrimina,
888 541 1080 612 quantamque
1092 539 1167 597 inter
1187 556 1218 598 ae
1236 540 1362 599 habeant
1375 540 1533 600 difficulta·
1595 579 1598 584 -

395 644 454 700 tem
480 658 526 700 res
551 646 687 714 utrasque
714 639 878 714 conspicito.
903 656 955 700 nac
980 641 1054 700 enim
1081 642 1191 714 poteris
1218 643 1347 703 confiteri
1372 641 1430 702 nisi
1457 643 1534 702 seiae
1563 685 1566 689 ·

395 747 531 819 quantum
548 760 661 814 noceas,
677 742 703 802 si
717 742 843 816 negaris.
858 742 936 803 caelo
951 745 1091 818 martyres
1102 746 1238 818 gaudent,
1254 744 1388 806 ueritatis
1403 745 1533 806 inimicos

394 847 472 921 ignis
486 847 627 906 adsumet.
650 845 817 918 paradisum
832 844 885 904 Dei
900 844 1024 905 testibus
1038 847 1130 918 floret,
1152 849 1302 920 negatores
1318 849 1450 922 gehenna
1464 865 1532 907 con·

396 950 480 1023 plera
494 952 627 1007 aeternus
650 946 728 1022 ignis
743 947 907 1007 inardescit.
924 951 954 1007 et
968 950 1002 1007 ut
1016 949 1051 1006 de
1067 948 1173 1008 ceteris
1188 951 1308 1021 mosam,
1335 951 1390 1009 hoc
1404 966 1456 1009 nos
1471 949 1552 1008 uti-a

394 1052 566 1126 que‘magis
588 1050 674 1111 debet
696 1051 806 1110 hortari
821 1052 896 1125 quod
912 1051 1052 1111 confessio
1073 1052 1153 1112 uocis
1168 1053 1254 1111 unius
1270 1051 1379 1111 Christi
1394 1055 1534 1128 perpetua

394 1153 575 1214 confessione
587 1155 728 1224 seruetur,
744 1151 969 1225 sicutscriptum
983 1156 1044 1211 est:
1065 1153 1128 1228 qui
1141 1170 1193 1213 me
1208 1154 1402 1213 confessus
1416 1153 1535 1213 fuerit

394 1256 430 1315 in
453 1255 702 1315 terrisccram
719 1253 939 1327 hominibus,
963 1255 1400 1329 etegoconfitebereum
1416 1272 1533 1317 coram

394 1359 499 1431 patre
521 1371 597 1414 meo
620 1359 654 1414 et
675 1370 794 1414 coram
817 1354 963 1429 angelis
985 1357 1076 1416 eius.
1100 1357 1193 1417 adhuc
1213 1358 1352 1416 accedunt
1372 1357 1409 1415 ad
1424 1357 1533 1430 gloriae

393 1460 539 1518 cumulum
554 1460 724 1516 ornamenta
737 1457 887 1518 uirtutum
913 1459 954 1518 ait
968 1458 1059 1518 enim:
1085 1460 1140 1518 iul
1149 1461 1290 1532 gabant
1311 1459 1423 1518 etiam
1444 1461 1569 1518 tam-ro

393 1578 496 1635 quam
526 1558 724 1619 scintillae
753 1561 790 1618 in
825 1561 1086 1620 arundinetum
1125 1561 1404 1635 discurrentes,
1441 1561 1534 1621 iudi·

394 1665 532 1722 cabunt
554 1661 726 1720 nationes
747 1665 783 1720 et
805 1662 1093 1722 dominabuntur
1114 1664 1274 1736 populis.

347 1769 388 1827 12
441 1765 548 1839 Magna
570 1766 616 1823 est
638 1763 713 1822 enim
738 1762 865 1836 claritas,
882 1765 985 1822 fratres
1001 1764 1154 1836 carissimi,
1177 1765 1268 1824 uitam
1283 1766 1386 1824 salutis
1401 1768 1535 1825 aeternae

400 1867 550 1926 honestate
563 1865 707 1940 passionis
722 1882 831 1944 ornare,
859 1882 962 1939 magna
977 1864 1140 1925 sublimitas
1156 1869 1224 1925 ante
1238 1883 1289 1925 cra
1303 1867 1417 1926 Domini
1433 1883 1535 1941 aspec-

393 1974 512 2044 tumque
533 1968 642 2027 Christi
665 1971 809 2042 potestate
835 1984 946 2026 summa
961 1969 1102 2026 tormenta
1122 1970 1303 2027 contemnere
1328 1987 1381 2028 neo
1407 1970 1569 2029 horrerem

394 2072 437 2132 sic
452 2072 554 2130 Daniel
570 2072 663 2130 minas
679 2071 757 2144 regis
772 2074 802 2129 et
817 2071 929 2129 leonum
949 2071 1130 2128 frementium
1153 2069 1262 2129 rabiem
1277 2088 1328 2144 por
1342 2070 1535 2130 substantiam

392 2171 460 2233 fidei
479 2189 548 2232 suae
569 2172 649 2241 uicit,
671 2173 739 2231 dum
758 2172 932 2231 adorandum
953 2169 1026 2229 nulli
1047 2172 1097 2230 alii
1127 2187 1191 2230 esse
1218 2189 1304 2245 quam
1318 2173 1378 2232 Deo
1401 2171 1534 2232 credidit.

394 2274 436 2333 sic
451 2275 482 2332 in
496 2276 607 2334 camino
622 2274 720 2347 pueris
735 2273 902 2333 constitutis
917 2273 946 2331 in
963 2289 994 2331 ee
1009 2274 1082 2332 arsit
1096 2274 1269 2344 incendium,
1286 2274 1353 2332 dum
1368 2276 1450 2347 ignes
1465 2274 1535 2333 iusti

392 2375 528 2450 tolerant,
544 2377 619 2449 quod
634 2377 670 2434 de
685 2376 818 2449 gehenna
830 2375 949 2434 Domino
964 2374 1102 2433 credendo
1121 2376 1297 2434 metuebant.
1319 2376 1395 2433 unde
1411 2379 1442 2434 ot
1457 2377 1533 2434 retu·

393 2478 452 2537 lere
472 2477 623 2551 condigna,
649 2495 705 2536 non
727 2478 757 2535 in
779 2481 923 2551 postorum
947 2477 1042 2547 tracti,
1063 2494 1119 2535 non
1135 2477 1239 2535 salutis
1255 2481 1388 2536 aeternae
1404 2478 1566 2550 praemium

394 2580 543 2639 reseruati.
567 2580 652 2639 fidem
674 2578 788 2638 illorum
814 2580 892 2638 Deus
918 2578 1001 2648 uidit,
1028 2583 1060 2638 ut
1081 2579 1157 2652 quod
1178 2579 1233 2638 sibi
1255 2582 1320 2652 post
1341 2580 1449 2639 eritnm
1463 2596 1531 2653 pro·

391 2680 530 2740 miserant
555 2681 654 2740 uiuere
680 2684 858 2740 morerentur
878 2680 908 2738 in
934 2695 1059 2753 corporo.
1082 2696 1135 2738 nec
1154 2679 1230 2739 enim
1257 2681 1363 2753 poterit
1383 2681 1531 2741 aestimari

494 2878 510 2930 7
529 2876 594 2931 Luc.
613 2877 656 2941 12,
672 2878 699 2930 8.
770 2876 805 2930 10
822 2876 883 2946 Sap.
901 2877 926 2941 3,
945 2870 1021 2930 7-8.

462 3065 477 3118 1
496 3067 525 3118 ot
542 3067 727 3134 quantamque
744 3064 782 3117 Μ
785 3064 866 3135 'PQ¹,
890 3067 919 3117 et
936 3067 1064 3131 quantam
1088 3064 1183 3118 M'Nu
1355 3065 1373 3118 2
1396 3065 1532 3135 conspicio

393 3150 430 3214 T,
456 3149 578 3219 conspice
604 3149 627 3219 Q
801 3165 835 3203 nc
858 3150 929 3203 enim
949 3149 985 3213 Τ,
1009 3165 1062 3203 non
1087 3150 1158 3202 euim
1175 3150 1250 3214 ΜΟ*
1423 3151 1533 3209 3tno-

390 3237 451 3290 caat
468 3235 496 3289 12
599 3235 777 3304 negaueriso
879 3235 898 3289 4
921 3233 1043 3289 absumet
1069 3252 1087 3290 o
1189 3235 1331 3304 paradisus
1354 3252 1382 3302 c;
1407 3237 1443 3303 cf.
1467 3253 1531 3308 pap.

390 3324 436 3386 28,
455 3324 489 3373 17
610 3320 629 3378 5
648 3323 824 3388 aeternusque
842 3321 875 3375 N
992 3319 1107 3374 ardescit
1125 3320 1163 3373 Μ
1183 3320 1339 3387 (inardescit
1358 3321 1402 3392 Q),
1428 3321 1531 3377 inarde-

391 3409 448 3460 scet
465 3422 483 3459 e
586 3406 639 3460 hoc
656 3406 716 3476 nos]
735 3405 787 3460 hoc
803 3422 854 3460 nos
872 3405 930 3474 (noe
948 3421 1017 3459 corr.
1035 3405 1067 3460 a'n
1079 3421 1133 3459 non
1146 3405 1193 3474 Μ)
1211 3409 1316 3461 taceam
1334 3407 1386 3461 hcc
1403 3423 1451 3462 nos
1474 3405 1498 3478 Q

391 3489 410 3543 8
427 3489 457 3542 in
474 3490 555 3544 terris
572 3505 624 3544 osa.
645 3489 669 3560 Q
768 3489 975 3544 10commulnm
994 3489 1021 3543 Τ
1115 3491 1300 3555 uirtutiqu
1386 3491 1532 3561 fulgebunt

391 3574 497 3629 iustio
635 3575 719 3629 etiam
738 3590 809 3630 corr.
827 3574 859 3628 iu
876 3578 905 3628 ct
924 3575 1026 3645 ΟΜ
1045 3575 1139 3642 (otiam
1151 3575 1298 3643 Minoae
1437 3577 1469 3630 11
1482 3577 1531 3630 ha·

392 3660 535 3714 rundinoto
553 3661 613 3714 NP
750 3659 787 3716 13
805 3659 944 3717 carituri.
962 3676 983 3714 c.
1004 3660 1065 3725 ΩΤ,
1083 3660 1182 3715 fratrea
1200 3662 1334 3716 carissimi
1352 3662 1462 3716 claritas
1479 3678 1497 3717 o

393 3746 429 3801 14
447 3746 513 3799 hora
531 3746 596 3811 LN,
616 3761 685 3800 sora
704 3744 736 3816 Q,
753 3744 848 3799 boram
867 3745 904 3798 Μ
1003 3745 1047 3799 115
1065 3747 1252 3816 potestates]
1271 3747 1416 3815 potestatis
1434 3747 1529 3801 huma·

390 3846 441 3884 nae
462 3831 539 3901 QTo
664 3846 739 3886 nnec
758 3831 789 3901 Q,
816 3846 891 3886 nnec
908 3830 986 3885 ner
1099 3832 1133 3885 16
1150 3833 1223 3901 regie
1241 3849 1292 3887 om.
1313 3832 1364 3903 QT
1470 3849 1531 3887 con·

390 3918 523 3972 stantiam
540 3917 607 3974 M'o
681 3917 715 3972 17
733 3917 840 3973 nullum
858 3918 942 3972 alium
962 3933 1019 3973 esse
1036 3933 1117 3986 quam
1135 3917 1213 3973 deum
1232 3917 1296 3974 M'o
1365 3917 1450 3974 crodit
1467 3918 1500 3974 N

392 4001 427 4056 18
443 4004 472 4056 in
491 4019 520 4058 ae
537 4006 609 4058 seuit
621 4002 665 4058 ‘M
677 4005 776 4060 ieros
796 4005 836 4074 (in
854 4022 882 4060 ao
898 4006 968 4061 arsit
988 4007 1030 4074 Q),
1048 4005 1088 4059 nil
1106 4005 1169 4060 lesit
1187 4005 1223 4061 N
1234 4007 1332 4059 torar.
1467 4004 1532 4059 dum

390 4103 442 4142 om.
462 4088 487 4142 T
589 4089 663 4159 ignis
681 4090 709 4144 Ι,
808 4091 842 4145 19
860 4092 940 4161 qnod]
959 4107 1058 4161 quoae
1160 4091 1196 4145 20
1213 4094 1235 4146 t.
1254 4090 1315 4159 non]
1333 4089 1418 4144 tracti
1438 4089 1500 4144 ..N

390 4171 423 4226 de
441 4177 566 4230 aeternae
590 4175 616 4230 Τ
804 4176 840 4232 22
861 4177 951 4232 nidere
974 4180 1138 4232 mererentur
1159 4192 1189 4243 a,
1213 4180 1245 4231 ut
1268 4177 1423 4231 uererentur
1448 4175 1501 4239 ΘΤ

390 4260 449 4330 nac]
468 4260 533 4316 haec
552 4261 616 4326 ΒΡ,
633 4261 698 4317 hinc
716 4262 749 4318 N
