3720 4920
608 380 657 434 hd
683 379 913 435 Nouatianum
936 396 957 434 a
977 382 1052 435 1-2.
1356 386 1400 452 53

261 541 367 610 autem,
394 539 501 599 fratres
525 538 715 611 dilectissimi,
744 554 802 598 uon
822 541 937 598 moueat
957 542 1008 598 aut
1027 540 1125 598 turbet
1146 539 1284 600 haeretici
1310 539 1398 600 istius

261 640 363 714 periidi
388 642 512 715 abrupta
535 641 695 714 dementia,
718 641 768 716 qui
794 659 857 700 cum
878 641 909 700 in
935 645 995 701 tam
1022 641 1133 716 ingenti
1158 642 1347 703 dissensionis
1370 647 1401 702 st

263 742 428 802 schismatis
449 743 489 802 sit
509 742 627 802 crimine
648 744 824 802 constitutus
837 748 868 803 et
882 743 919 802 ab
940 743 1063 803 ecclesia
1077 747 1236 818 separatus,
1258 745 1402 819 sacrilega

263 844 424 903 tomeritate
450 861 507 903 nou
533 843 647 904 dubitet
660 845 690 903 in
713 861 765 904 nos
780 863 833 904 suu
859 845 980 904 crimina
994 849 1168 920 retorquere.
1191 864 1256 906 cum
1270 847 1312 906 sit
1326 846 1403 907 snim

242 962 283 1005 sa
296 945 458 1019 semetipso
468 963 545 1006 nunc
556 947 650 1005 factus
663 947 826 1019 inmundus,
843 947 976 1006 sordibus
990 946 1141 1021 sacrilegis
1155 947 1333 1021 inquinatus,
1349 948 1404 1008 hoc

264 1065 339 1108 nunc
365 1066 416 1109 nos
443 1066 507 1109 osso
534 1050 688 1111 contendit
712 1053 742 1109 et
768 1068 832 1110 cum
857 1050 997 1125 scriptum
1023 1051 1063 1109 sit
1087 1067 1171 1110 canes
1192 1050 1270 1112 doras
1292 1068 1402 1111 reman-

265 1167 347 1211 suros
373 1155 403 1210 et
425 1151 571 1224 apostolus
598 1152 651 1211 hos
674 1153 789 1212 eosdem
815 1169 900 1211 osnes
927 1153 1055 1212 docuerit
1081 1168 1144 1211 esso
1159 1153 1302 1225 uitandos,
1329 1155 1405 1214 sicut

266 1251 404 1328 legimus,
430 1252 473 1311 ait
497 1253 590 1313 enim:
613 1253 738 1313 uidete
762 1270 889 1326 carros,
916 1254 1041 1314 uidete
1067 1254 1180 1314 malos
1205 1256 1404 1330 operarios,

267 1355 375 1414 rabiem
390 1372 472 1414 suam
486 1372 542 1414 uon
557 1360 653 1415 cessat
667 1354 823 1415 latratibus
838 1354 972 1427 excitare,
990 1355 1121 1429 luporum
1133 1372 1209 1415 more
1223 1357 1404 1416 mnsbrosam

233 1475 260 1516 ro
268 1456 420 1532 caliginem
446 1460 559 1532 optare,
586 1476 644 1532 qua
669 1457 754 1517 facile
780 1457 874 1532 possit
899 1458 994 1517 ferina
1019 1474 1072 1517 sua
1097 1457 1268 1520 crudelitate
1294 1475 1363 1520 oues
1389 1476 1408 1518 a

268 1561 381 1633 pastore
403 1560 530 1632 direptas
550 1560 688 1633 spelunca
710 1561 863 1619 tenebrosa
883 1550 1003 1619 laniare.
1027 1577 1129 1619 aurum
1144 1561 1221 1620 certe
1236 1576 1268 1619 ss
1283 1576 1407 1633 suosque

268 1677 340 1734 quos
362 1661 473 1734 colligit
495 1678 558 1721 esso
581 1661 757 1734 pronuntiat.
780 1680 833 1721 nec
848 1678 900 1721 nos
916 1662 1081 1721 dubitamus
1096 1662 1255 1720 desertores
1270 1661 1408 1721 ecclesiae

269 1763 416 1835 apostatas
431 1761 522 1822 factos
537 1762 568 1821 iu
583 1779 683 1821 aurum
699 1780 776 1822 nunc
790 1762 878 1822 facile
893 1763 1021 1836 potuisse
1036 1763 1180 1835 conuerti,
1201 1764 1251 1822 sed
1266 1762 1340 1821 illud
1356 1779 1408 1822 au·

270 1883 334 1924 rum
348 1866 378 1924 in
393 1882 449 1938 quo
473 1865 567 1939 prima
589 1865 695 1925 delicta
716 1866 813 1938 populi
835 1866 926 1925 lsrael
941 1867 1079 1925 denotata
1093 1869 1171 1924 suut.
1195 1867 1322 1924 ceterum
1337 1880 1410 1922 uasa

237 1988 262 2027 ns
271 1982 357 2026 aurea
387 1969 415 2025 et
445 1969 581 2041 argentea
611 1983 684 2040 quac
714 1968 750 2027 ab
780 1967 934 2041 Aegyptiis
964 1984 1084 2027 excussa
1113 1969 1181 2025 sunt
1207 1967 1237 2024 iu
1269 1966 1411 2026 dominica

273 2069 415 2141 potestate
441 2069 471 2128 id
497 2071 543 2129 est
569 2068 677 2128 Christi
704 2068 825 2128 ecclesia
852 2072 1053 2142 perseuerant:
1078 2069 1107 2126 in
1133 2085 1190 2142 qua
1206 2069 1287 2129 domo
1302 2068 1329 2126 si
1343 2084 1410 2141 per-

273 2183 444 2229 seuerasses.
466 2170 637 2242 Nouatians,
657 2170 850 2253 uasiorsitan
865 2174 896 2230 et
919 2170 1076 2244 pretiosum
1101 2169 1218 2241 fuisses,
1244 2169 1320 2244 quod
1334 2185 1412 2228 uuuc

275 2270 322 2346 [te]
337 2271 368 2330 in
388 2271 486 2344 paleas
501 2276 530 2331 et
544 2273 575 2331 in
591 2271 727 2346 stipulam
744 2290 913 2332 conuersum
929 2289 982 2333 nso
995 2273 1143 2346 intellegis
1158 2289 1211 2332 noc
1225 2272 1351 2346 plangis.

319 2372 394 2442 Quid
408 2374 499 2448 igitur
513 2375 596 2432 uanis
611 2376 695 2435 rebus
712 2375 880 2434 extolleris?
898 2374 1002 2432 damna
1012 2374 1108 2447 potius
1120 2392 1206 2447 quam
1217 2373 1298 2434 lucra
1309 2378 1442 2437 conso-2

236 2475 378 2549 mqusris.
403 2474 472 2547 quid
495 2478 525 2533 ts
545 2492 579 2534 ex
602 2493 656 2548 quo
679 2475 832 2547 pauperior
854 2475 950 2534 iactus
965 2490 996 2533 os
1017 2475 1138 2535 diuitem
1159 2476 1274 2535 orodis?
1299 2474 1367 2534 audi
1381 2475 1413 2533 in

273 2575 427 2652 Apocalysi
449 2575 619 2635 dominicam
646 2592 743 2634 uocem
769 2575 855 2635 iustis
876 2579 906 2633 te
926 2575 1176 2650 obiurgationibus
1202 2576 1411 2649 increpantem,

272 2678 385 2751 dicis,
421 2678 530 2752 inquit,
565 2678 668 2738 diues
700 2695 774 2737 sum
798 2682 834 2738 ot
857 2679 1001 2738 ditatus
1024 2697 1101 2738 sum
1124 2683 1159 2738 et
1186 2678 1331 2738 nullius
1359 2677 1413 2737 rei

272 2795 375 2854 egeo:
409 2782 444 2838 ot
471 2780 595 2840 noscis
628 2781 802 2853 quoniam
833 2783 874 2838 tu
903 2797 940 2839 es
973 2781 1145 2840 miseret
1179 2778 1413 2839 miserabilis

271 2884 310 2942 et
331 2898 457 2941 caecus
480 2883 515 2941 et
537 2898 674 2954 pauper
698 2885 733 2941 et
755 2883 882 2940 nudus.
917 2882 971 2941 has
992 2898 1070 2955 opes,
1087 2884 1141 2940 has
1156 2880 1275 2940 diuitias
1290 2896 1413 2954 pauper-

235 3003 262 3044 ae
272 2982 343 3042 tatis
357 2999 408 3056 pro
423 2985 501 3043 certo
516 2982 662 3057 possidere
678 3000 708 3042 se
725 2985 832 3055 credat,
858 2983 980 3059 quisque
1002 2983 1112 3043 (lhristi
1134 2982 1254 3043 ecclesia
1275 2981 1414 3043 derelicta

270 3085 381 3147 ratione
404 3102 489 3145 caeca
511 3086 587 3158 apud
602 3086 772 3144 temerarios
788 3084 855 3144 illos
870 3085 1062 3145 schismatum
1078 3088 1164 3145 duces
1179 3087 1209 3144 st
1223 3083 1415 3142 dissensionis

377 3333 613 3402 dhpoc.22,15.
673 3331 820 3399 xiil’hil.
839 3336 865 3400 3,
884 3336 908 3388 1.
1002 3335 1037 3388 22
1055 3335 1137 3403 hpoc.
1157 3333 1182 3397 3,
1200 3332 1242 3387 17.
1272 3404 1274 3406 q

339 3571 405 3626 2in
423 3574 489 3642 tarn]
508 3575 564 3626 tam
583 3571 613 3625 in
632 3572 664 3626 K
759 3570 967 3625 3schismateci
985 3570 1018 3624 K
1112 3571 1149 3625 sit
1166 3571 1210 3624 hic
1226 3567 1332 3634 addidi,
1347 3573 1412 3636 post

269 3661 443 3729 sepcratnso
569 3657 633 3712 din
651 3673 703 3713 om.
723 3657 755 3712 K
880 3657 898 3711 5
915 3656 1059 3726 sacrilegus
1079 3656 1111 3710 K
1228 3655 1245 3709 6
1263 3652 1412 3724 contendit]

271 3743 446 3800 contendente
464 3745 498 3798 K
607 3744 654 3813 sit]
674 3745 716 3797 est
734 3742 767 3797 K
895 3741 994 3795 iorisv
1030 3763 1032 3766 ’
1105 3739 1229 3795 {trebiae
1248 3753 1297 3791 sua
1314 3738 1349 3792 K

270 3832 376 3884 cessam
395 3829 427 3883 K
530 3830 563 3883 10
580 3830 643 3900 qua]
662 3844 744 3897 quam
763 3827 796 3882 K
896 3826 1002 3895 possint
1020 3824 1052 3878 K
1154 3825 1186 3878 11
1204 3838 1318 3891 suosque
1332 3823 1412 3893 quos]

270 3915 404 3984 suo-quod
422 3931 488 3984 quos
505 3915 539 3968 K
618 3914 650 3967 13
668 3913 748 3968 illum
765 3913 799 3967 K
880 3912 913 3966 15
930 3911 1055 3980 aegyptis
1074 3909 1108 3963 K
1186 3923 1293 3962 acussa
1312 3907 1349 3970 K,
1368 3924 1413 3961 er·

269 4016 334 4054 cusa
349 4017 378 4065 υς
396 4001 432 4066 cs.
451 4001 508 4054 Ex.
526 4003 571 4065 12,
588 4002 630 4055 35.
650 4003 693 4054 36.
833 4000 861 4051 iu
881 4015 933 4052 oca
952 3997 985 4050 K
1116 3996 1149 4048 16
1167 3994 1294 4048 ecclesiae
1311 3992 1345 4047 K

270 4084 304 4138 17
322 4085 392 4154 quod
404 4086 442 4150 Κ,
461 4085 507 4140 sed
525 4087 665 4140 Eracmo
742 4085 775 4138 18
793 4085 878 4154 paleis
891 4082 925 4136 K
991 4083 1025 4135 19
1043 4080 1117 4150 quid]
1137 4081 1183 4149 qui
1196 4078 1230 4132 K
1295 4078 1331 4132 20
1349 4077 1415 4132 audi

270 4185 323 4239 quo
341 4170 373 4226 K
379 4191 389 4238 ,·
404 4172 469 4239 sort.
489 4170 552 4226 audi
570 4186 676 4240 quoque
779 4169 813 4223 21
832 4169 967 4223 dominico
985 4183 1048 4222 uoce
1067 4165 1099 4220 K
1198 4164 1234 4218 22
1252 4164 1333 4222 dois
1346 4162 1380 4219 K
1408 4224 1413 4232 ,

268 4257 303 4312 25
323 4258 445 4326 quisquis
464 4258 523 4312 K‘c
628 4255 721 4310 delicti
739 4255 772 4308 K
872 4254 1091 4307 remuneratum
1111 4267 1146 4306 cs
1163 4250 1327 4306 schimatum
1346 4249 1379 4304 K
