3720 4920
856 326 1040 396 Appendix.

587 1223 663 1322 111.
696 1222 770 1321 nn
802 1220 993 1320 aaron
1023 1219 1308 1359 nlnupnn.

845 1469 1052 1481 ———-—=-

346 1709 362 1765 1
418 1687 489 1769 Etsi
512 1710 702 1784 incongruens
723 1715 777 1782 est,
800 1709 906 1769 fratres
928 1708 1079 1781 carissimi,
1100 1709 1131 1767 in
1150 1708 1205 1768 hoc
1219 1708 1315 1768 fanore
1331 1705 1445 1766 dicen&
1459 1705 1516 1765 ali·

375 1811 445 1887 qnid
459 1811 662 1885 trepidationis
677 1812 791 1871 adferre
806 1810 980 1885 minimeque
991 1810 1091 1871 timeat
1105 1810 1227 1884 gloriam
1241 1812 1338 1870 tantae
1353 1805 1515 1869 deuotionis

372 1912 531 1986 infringere
554 1928 588 1970 ex
611 1930 644 1972 eo
665 1913 740 1986 quod
763 1911 856 1971 fatear
877 1929 922 1971 me
944 1912 1070 1985 coepisse
1086 1911 1228 1984 dubitare,
1244 1912 1342 1970 tamen
1357 1909 1514 1970 identidem

372 2013 435 2073 dico
458 2013 522 2086 ipsa
546 2015 671 2073 animum
699 2013 903 2073 deliberatione
933 2013 1090 2086 confringi:
1121 2029 1188 2072 nam
1213 2012 1394 2086 exequendae
1418 2010 1538 2071 haelias

371 2113 530 2188 cupiditate
553 2113 734 2174 succenditur
750 2116 780 2174 ot
793 2132 812 2174 a
827 2113 968 2188 loquendo
992 2113 1191 2188 magnitudine
1213 2113 1332 2173 uirtutis
1356 2111 1513 2184 inhibetur,

372 2233 436 2276 cum
450 2219 502 2274 ant
517 2233 573 2275 uon
589 2216 689 2275 deceat
703 2218 798 2275 tacere
813 2221 865 2275 aut
879 2212 1070 2289 periculosum
1086 2215 1125 2274 sit
1138 2232 1238 2288 pamm
1249 2215 1352 2288 dicere,
1367 2215 1424 2273 nisi
1435 2215 1513 2288 quod

371 2316 442 2374 haee
457 2314 602 2374 aestuanti
618 2332 665 2375 res
680 2317 743 2375 sols
756 2316 891 2375 subuenit
906 2316 981 2389 qnod
1002 2315 1134 2374 uideatur
1155 2315 1264 2389 ignosci
1284 2316 1311 2374 ei
1327 2313 1412 2373 facile
1426 2328 1510 2388 posse

372 2417 494 2489 quinon
510 2416 607 2475 timuit
623 2417 736 2477 audere.
760 2435 844 2491 qnam
863 2418 899 2477 ob
918 2433 988 2488 rem,
1014 2416 1156 2476 carissimi
1173 2417 1287 2490 fratres,
1311 2416 1367 2476 etsi
1381 2417 1511 2490 potentia

371 2518 414 2576 rei
439 2520 575 2576 onerentur
597 2518 720 2576 facultas
741 2517 861 2591 ingenii,
886 2521 920 2576 ut
935 2520 1073 2590 qnantum
1088 2532 1119 2575 se
1134 2517 1164 2574 in
1181 2518 1363 2590 exprimenda
1377 2516 1508 2593 martyrii
1519 2538 1544 2578 ro

371 2618 514 2691 dignitate
528 2617 692 2691 protulerit,
708 2621 820 2677 mnium
836 2619 900 2692 ipso
916 2619 1039 2692 pondere
1050 2616 1145 2676 laudis
1160 2635 1297 2691 oppressa
1311 2621 1403 2690 adque
1419 2618 1508 2677 aesti-

371 2719 496 2778 matione
512 2736 607 2777 rernm
621 2719 748 2778 omnium
762 2721 797 2779 de
813 2719 917 2793 quibus
933 2737 997 2778 cum
1018 2719 1140 2777 maxime
1160 2718 1288 2792 loquitur
1308 2719 1461 2779 debilitata
1475 2734 1509 2778 ao

370 2818 458 2892 facta,
480 2820 558 2880 intra
578 2837 609 2880 se
634 2819 699 2894 ipss
723 2820 887 2893 inlaqueata
909 2820 1038 2880 oratione
1060 2819 1175 2879 deficiat
1188 2837 1240 2879 nec
1255 2820 1374 2879 habenis
1389 2810 1530 2878 liberior*

370 2936 421 2980 rao
435 2920 539 2980 solutis
554 2920 585 2980 in
599 2923 729 2995 apertum
746 2920 884 2981 sermonis
899 2920 1044 2995 eloquium
1059 2921 1118 2980 uim
1133 2923 1232 2980 tantm
1253 2920 1347 2981 lauris
1362 2922 1510 2995 expromat

372 3023 469 3081 tamen
491 3023 546 3081 erit
569 3023 682 3095 aliqua,
704 3023 762 3081 nisi
786 3024 885 3095 fallor,
903 3024 933 3081 in
954 3022 1111 3096 eloquendo
1133 3023 1204 3081 fides
1219 3039 1291 3096 qnae
1307 3022 1397 3096 ipsius
1413 3021 1545 3096 operiens

439 3355 541 3424 lncpit
554 3355 714 3424 (opaeum
726 3354 790 3408 aar.
804 3353 841 3424 Ρ)
854 3352 887 3407 ue
900 3352 979 3408 laun
991 3354 1116 3423 martyrii
1129 3354 1273 3426 annon.
1291 3385 1324 3395 -
1342 3357 1360 3408 a
1376 3338 1475 3411 effen

369 3443 475 3496 faenore
496 3442 527 3504 T,
550 3440 655 3494 feruore
676 3441 742 3506 sora
905 3439 1119 3508 amicamque]
1144 3446 1172 3494 et
1194 3441 1305 3495 minime
1328 3442 1372 3504 N,
1397 3441 1508 3494 minime

368 3526 450 3596 Por
569 3524 665 3594 5ipae
686 3526 712 3579 T
825 3524 910 3578 animi
928 3525 979 3577 mei
1000 3524 1086 3578 LNP
1205 3525 1428 3579 deliberationum
1450 3526 1476 3579 T

366 3610 500 3680 confringi
523 3626 586 3664 narn
608 3610 718 3678 scripsi,
747 3609 917 3679 confringam
942 3608 1063 3680 LPQT,
1092 3611 1229 3664 confracta
1250 3626 1282 3664 ea
1304 3611 1346 3675 N,
1375 3609 1508 3681 confringi

366 3711 455 3750 eume·
559 3694 774 3762 exsequendaM
790 3693 986 3762 (exaequandae
1001 3694 1044 3764 Q),
1057 3694 1252 3762 sequendaeN
1350 3696 1429 3749 lande
1450 3695 1477 3749 Τ

365 3782 382 3834 6
406 3784 434 3833 ct
451 3780 477 3847 a]
497 3795 529 3832 aa
546 3779 580 3833 N
715 3779 872 3833 inhibeatur
895 3780 936 3833 L·
1078 3779 1093 3831 7
1118 3783 1166 3834 ant
1188 3782 1251 3850 non]
1270 3784 1358 3833 autern
1378 3797 1430 3835 non
1450 3780 1474 3851 Q

365 3865 382 3919 8
404 3865 541 3918 aestuanti
564 3864 664 3919 haeco
836 3868 865 3918 et
883 3864 963 3918 facile
981 3864 1082 3934 ignosci
1100 3881 1178 3933 posse
1197 3866 1248 3937 QT
1377 3867 1393 3919 9
1416 3865 1508 3920 andire

367 3950 448 4020 Por
562 3950 672 4018 fratros]
691 3951 755 4003 cdd.
776 3951 812 4020 Q:
831 3950 859 4004 in
879 3952 921 4002 tob
939 3951 1053 4018 tantisq-
1072 3950 1150 4003 rebus
1275 3950 1308 4004 10
1325 3951 1448 4019 ingenii.
1471 3993 1475 4003 .
1498 3993 1503 4004 .

361 4051 392 4102 p.
410 4038 457 4099 30,
477 4038 495 4089 6
513 4034 670 4103 suppeditat
688 4050 738 4088 orn.
758 4035 786 4088 P
915 4035 948 4087 11
967 4034 1128 4103 dignitatem
1150 4036 1176 4089 T
1299 4039 1376 4089 tanto
1393 4035 1478 4107 NQT

367 4119 402 4176 13
419 4121 540 4188 ipsanio
635 4119 727 4173 ahenis
746 4119 809 4183 ΝΤ,
829 4118 967 4188 auenisQ
1059 4120 1240 4188 resipuimus
1260 4121 1299 4175 Ι)
1382 4122 1415 4175 15
1433 4121 1509 4191 fides]

366 4204 517 4258 lacrrltaee
