3720 4920
420 371 483 436 242
896 368 1081 438 appendix.

420 537 560 599 mortuus,
577 529 718 599 martyres
733 529 800 585 snut
815 542 867 586 nec
881 531 1038 601 martyrum
1054 543 1159 585 corona
1173 525 1396 584 fraudabuntur:
1424 524 1554 596 inprimis

419 631 515 687 autem
529 629 662 687 monachi
678 629 728 702 qui
743 645 810 688 uere
825 629 956 688 monachi
971 632 1039 687 sunt
1055 645 1088 686 ac
1114 628 1242 700 uirgines
1257 642 1330 700 quae
1346 642 1411 686 uere
1426 625 1553 699 uirgines

419 734 496 790 sunt.
512 748 604 805 neque
620 731 696 791 enim
711 731 790 791 locus
805 732 934 790 desertus
947 776 954 803 ,
970 746 1068 790 saccus
1084 746 1135 805 pro
1151 732 1249 801 ueste,
1264 727 1398 804 legumen
1413 744 1464 803 pro
1479 727 1552 801 cibo,

419 851 510 907 neqrre
526 833 635 892 ieiunia
650 851 743 908 neque
758 833 941 893 chameuniae
955 834 1126 891 monachum
1142 832 1317 903 absolrrunt,
1341 832 1394 890 sub
1410 832 1456 890 his
1471 831 1551 891 inuo-

420 936 509 995 lucris
525 935 669 994 interdum
683 936 756 994 latet
771 935 882 994 animus
897 935 980 993 ualde
996 936 1168 992 mundanus.
1184 935 1258 1006 quod
1275 933 1316 991 ita
1333 933 1577 1006 deprehenditnre

421 1038 446 1095 ai
462 1038 499 1094 ad
514 1055 617 1096 munus
632 1037 749 1110 aliquod
764 1037 989 1096 ecclesiasticum
1004 1040 1156 1095 nocentur:
1189 1035 1229 1093 ibi
1251 1035 1349 1093 uideas
1364 1035 1503 1107 quosdam
1517 1051 1551 1095 er

420 1137 480 1196 illis
495 1139 633 1198 facillime
648 1139 726 1199 uinci
743 1139 869 1211 deliciis,
885 1137 1112 1211 impatientiores
1128 1137 1313 1208 iniuriarum,
1342 1138 1553 1210 appetentiores

419 1241 565 1300 uindictae
581 1259 667 1313 quam
683 1241 778 1314 quiuis
804 1241 879 1300 alius
905 1241 943 1298 sit
968 1257 1003 1298 ex
1028 1240 1121 1298 media
1143 1239 1236 1312 plebe.
1263 1240 1332 1312 quid
1360 1256 1462 1299 causeo
1488 1242 1553 1299 eat?

419 1343 554 1415 quoniam
569 1360 672 1416 corpus
687 1346 873 1401 exercuerunt
887 1343 980 1415 magis
995 1359 1080 1414 quarn
1096 1340 1238 1400 animum:
1255 1357 1318 1399 cum
1334 1342 1435 1400 beatus
1447 1341 1554 1400 Paulus

420 1445 529 1516 doceat,
546 1447 622 1519 quod
637 1445 862 1505 exercitatio
884 1445 1092 1518 corporalis
1108 1445 1150 1502 ad
1166 1444 1342 1502 modicum
1363 1444 1476 1502 utilis
1491 1444 1552 1516 sit,
1565 1460 1590 1497 ro

419 1548 540 1617 pietas
563 1549 606 1605 ad
629 1547 751 1606 omnia
767 1547 901 1605 ualeat.

369 1657 409 1714 32
465 1648 530 1707 Non
547 1649 618 1708 hauc
633 1649 770 1720 dixerim,
798 1651 872 1721 quod
888 1649 1066 1723 improbandi
1094 1649 1153 1706 sint
1174 1648 1221 1720 qui
1238 1648 1344 1706 talibus
1359 1647 1451 1707 modis
1463 1649 1551 1707 casti·

421 1753 493 1822 pant
507 1768 610 1824 corpus
628 1768 711 1809 suum
726 1754 756 1809 et
769 1751 799 1808 in
815 1751 983 1810 seruitutem
1000 1751 1153 1823 redigunt:
1177 1750 1229 1807 sed
1251 1752 1327 1823 quod
1341 1753 1458 1808 satanas
1473 1750 1553 1809 mille

420 1851 578 1911 instructus
594 1853 706 1911 artibus
722 1870 930 1924 nonnumquam
958 1852 1055 1909 illudit
1084 1851 1218 1921 incautis,
1241 1851 1450 1924 transfigurans
1467 1868 1497 1909 se
1523 1853 1553 1910 in

420 1954 554 2025 angelum
570 1954 644 2013 lucis
660 1957 690 2013 et
704 1972 738 2013 ex
753 1954 914 2013 huiusmodi
937 1971 1084 2026 corporum
1107 1953 1339 2012 exercitamentis
1363 1953 1472 2011 inducit
1494 1952 1588 2013 illiers

419 2053 521 2111 falsam
539 2055 746 2114 sanctimoniae
761 2055 982 2127 persuasionem,
997 2072 1116 2128 cumque
1132 2056 1210 2114 intus
1226 2056 1359 2114 madeant
1374 2056 1553 2129 sphitalibus

419 2155 518 2226 uitiis,
549 2159 579 2214 et
593 2154 649 2213 sibi
665 2160 695 2213 et
710 2155 776 2214 aliis
791 2156 934 2214 habentur
948 2156 998 2228 pii.
1029 2156 1098 2214 talis
1114 2160 1178 2214 crat
1193 2156 1306 2214 iustitia
1321 2155 1550 2226 Pharisaeorum,

419 2259 465 2314 cni
480 2258 610 2329 praelata
626 2261 670 2316 est
686 2258 779 2317 iudice
795 2259 908 2318 Christo
924 2259 1068 2332 publicani
1080 2259 1233 2319 iniustitia.
1249 2260 1292 2318 ita
1303 2263 1371 2318 sunt
1383 2262 1411 2319 et
1424 2259 1552 2332 uirgines

419 2358 526 2428 fatuae,
543 2377 615 2431 quac
631 2359 753 2418 solidam
769 2361 935 2419 existimant
945 2361 1082 2433 pietatem
1093 2378 1197 2433 corpus
1213 2361 1317 2420 habere
1329 2361 1391 2419 uiro
1403 2363 1552 2431 intactum,

419 2477 482 2517 cum
498 2460 610 2518 animus
627 2461 753 2519 auaritia
767 2463 902 2538 superbia
918 2461 1028 2520 inuidia
1042 2466 1072 2520 et
1089 2461 1296 2521 obtrectatione
1311 2462 1351 2520 eit
1366 2462 1550 2535 corruptissi·
1562 2481 1588 2520 ro

418 2578 490 2618 rnus.
524 2565 592 2619 sunt
607 2566 637 2620 ot
652 2562 726 2622 falso
742 2563 855 2639 uiduae,
877 2581 948 2636 quae
966 2565 1032 2621 dum
1049 2564 1152 2622 uiuunt
1166 2563 1195 2620 in
1213 2562 1323 2622 deliciis
1339 2563 1452 2623 christo
1474 2581 1550 2622 mor·

418 2665 483 2721 tuae
498 2666 574 2721 sunt.
591 2664 621 2721 in
637 2682 750 2722 summa
764 2667 859 2722 muron
875 2667 1002 2737 quisquis
1018 2681 1085 2723 ruore
1102 2665 1286 2724 Christianus
1301 2665 1437 2739 cuiusque
1457 2668 1552 2724 status

417 2767 468 2822 arrt
483 2765 591 2822 ordinis
607 2765 696 2823 habet
711 2767 868 2824 certamina
880 2784 941 2836 sua,
957 2766 1044 2825 habet
1059 2783 1171 2825 crucem
1187 2783 1283 2825 suam:
1300 2785 1384 2839 quam
1400 2767 1425 2825 si
1441 2767 1551 2839 patien-

416 2866 461 2922 tcr
476 2865 583 2941 tollit,·;
601 2867 628 2924 si
643 2870 808 2926 constanter
823 2868 955 2938 sustinet,
987 2868 1151 2926 testimonio
1167 2886 1217 2927 suo
1233 2868 1375 2942 glorificat
1391 2868 1552 2938 Dominum,

416 2969 529 3024 tantum
544 2983 580 3024 nc
596 2966 653 3025 sibi
668 2969 795 3027 uindicet
817 2969 928 3026 landem
952 2969 1090 3029 bonorum
1113 2986 1243 3042 operum:
1267 2970 1321 3030 hoc
1343 2969 1418 3030 enim
1434 2988 1491 3029 non
1507 2971 1586 3030 estas

416 3067 577 3141 glorificare
593 3069 696 3141 Deum,
713 3071 764 3128 sed
780 3069 936 3130 clarificare
954 3070 1088 3144 seipsum.

367 3180 406 3238 33
460 3172 557 3231 Habet
572 3173 767 3246 unusquisque
783 3173 910 3233 fidelium
932 3192 1036 3248 agones
1059 3192 1136 3247 suos,
1160 3177 1248 3235 habet
1277 3176 1473 3235 aduersarium
1488 3175 1552 3243 diaz

417 3273 525 3346 bolum,
542 3274 629 3333 habet
642 3276 846 3348 agonothetam
858 3276 958 3348 Deum,
976 3277 1063 3336 babet
1075 3278 1221 3336 theatrum
1236 3295 1293 3336 non
1307 3278 1400 3336 solum
1415 3279 1551 3338 ccclesiae

418 3377 448 3432 et
462 3376 631 3449 angelorum
647 3378 699 3436 sed
715 3380 745 3436 et
761 3377 928 3451 infidelium,
947 3380 1183 3453 quemadmodum
1199 3378 1270 3439 dicit
1285 3379 1393 3439 Paulus
1407 3380 1443 3438 ad
1456 3379 1552 3439 (lorin-

418 3476 512 3535 thios:
543 3478 798 3551 spectaculum
833 3479 925 3537 lacti
961 3498 1084 3538 sumus
1117 3482 1246 3539 mundo
1277 3484 1313 3539 et
1346 3482 1495 3556 angelis
1516 3486 1587 3544 etro

418 3578 642 3640 hominibus.
672 3580 698 3638 si
721 3581 871 3653 uincimus,
898 3583 1058 3655 gloriantur
1072 3583 1179 3656 augeli,
1206 3583 1367 3657 gloriantur
1382 3586 1413 3643 et
1427 3584 1554 3645 fidelium

417 3680 564 3753 ecclesiae,
595 3681 738 3756 gloriatur
763 3686 794 3740 et
818 3685 879 3756 ipse
896 3683 1028 3743 Christus
1043 3686 1072 3742 in
1093 3685 1228 3744 membris
1254 3686 1323 3745 suis.
1347 3686 1393 3744 sin
1415 3687 1554 3747 uincimus

418 3782 535 3856 ignauia
545 3787 655 3856 nostra,
668 3785 828 3858 triumphat
839 3788 954 3845 satanas
969 3804 1032 3846 cum
1048 3788 1159 3860 augelis
1174 3788 1244 3859 suis,
1257 3787 1399 3847 insultant
1410 3788 1493 3848 nobis
1509 3789 1555 3848 in·

418 3885 528 3943 creduli
543 3903 577 3945 ac
593 3887 686 3945 Deum
700 3887 882 3946 contumeliis
897 3889 1042 3960 afficiunt,
1066 3890 1210 3949 dicentes:
1233 3906 1298 3950 ecce
1324 3890 1372 3965 qui
1389 3890 1497 3951 iactant
1524 3905 1555 3951 sc

418 3988 561 4046 redemtos
576 4006 594 4047 a
609 3989 760 4064 tyrannide
777 3991 903 4063 satanae,
919 3992 968 4065 qui
979 3992 1146 4065 praedicant
1161 4008 1192 4051 se
1208 3995 1333 4053 mortuos
1344 3993 1458 4066 mundo,
1474 3992 1585 4054 nihi-ra

489 4239 522 4294 10
540 4240 554 4293 Ι
573 4241 642 4297 Tim.
661 4245 687 4306 4,
705 4246 730 4298 8.
865 4246 917 4299 ’30
934 4245 949 4298 Ι
967 4245 1026 4300 Cor.
1045 4247 1070 4312 4,
1090 4248 1114 4297 a.
