3720 4920
587 360 632 415 De
655 360 915 429 Rebaptismate
939 377 961 416 c.
981 365 1003 416 1.
1322 371 1365 436 69

226 535 279 579 nee
299 517 491 579 exhortationi
511 535 568 592 qna
589 517 710 577 euadere
725 517 812 578 lioeat
826 517 903 578 diem
919 520 1033 581 Domini
1048 524 1078 581 et
1091 521 1173 581 irem.
1201 521 1273 583 dieit
1287 522 1363 583 enirn

226 621 282 683 sio:
304 623 467 695 respioe,
489 621 562 692 fili,
585 620 758 679 nationes
780 622 967 682 hominnm
990 626 1026 682 et
1050 624 1154 685 seito.
1178 624 1261 698 quis
1283 641 1364 700 spe·

226 723 329 782 rauit
357 723 394 781 in
421 722 570 795 Domino
599 724 635 780 ot
663 723 842 782 confusus
871 727 946 783 est:
978 725 1182 799 permansit
1210 725 1246 786 in
1267 743 1365 786 men·

226 825 327 884 datis
355 824 464 883 illius
494 827 529 883 et
556 824 765 885 derelictus
794 831 869 885 est:
903 828 969 886 eut
1002 825 1196 887 inuooanit
1224 845 1301 889 eum
1331 832 1366 889 et

204 925 396 1000 sdespexit
424 926 551 984 illum?
580 927 756 1000 quoniam
780 928 869 1001 pius
892 930 931 988 et
951 928 1170 989 misericors
1191 931 1365 991 Dominus

225 1030 263 1089 et
290 1028 490 1087 remittens
518 1027 554 1086 in
582 1029 749 1101 tompore
781 1030 1052 1090 tribulationie
1081 1034 1234 1104 peooata
1256 1033 1366 1092 omni·

225 1129 293 1189 bus
321 1129 602 1203 inquirentibus
633 1145 670 1188 ee
693 1130 730 1189 in
760 1131 936 1190 ueritate.
964 1133 1007 1191 ait
1028 1148 1112 1207 ergo:
1136 1133 1194 1193 dio
1215 1135 1254 1193 tu
1275 1134 1366 1209 faoi·

226 1249 314 1292 nore
336 1236 401 1291 tua
422 1233 538 1306 prius,
562 1234 601 1291 ut
623 1231 868 1293 iustificeris.
899 1250 969 1307 prae
991 1252 1078 1294 manu
1099 1235 1140 1295 sit
1165 1236 1249 1296 uobis
1274 1237 1365 1297 oratio

226 1333 279 1393 ille
299 1335 529 1407 exomologeseos
550 1333 666 1408 plena.
678 1368 693 1399 .
705 1368 720 1399 .

192 1963 219 2003 ω
369 1901 370 1904 ¹
434 1926 598 2023 tlDD
631 1927 1159 2027 REBAPTISMAT'E.

146 2235 150 2240 Ι
227 2143 306 2231 (Non
322 2150 425 2210 debere
440 2152 532 2211 denuo
545 2152 686 2225 baptizari
701 2153 753 2226 qui
768 2152 857 2211 semel
873 2153 902 2211 in
919 2153 1031 2212 nomino
1045 2153 1159 2212 Domini
1176 2154 1243 2213 Iesu
1258 2154 1366 2213 Christi

705 2253 766 2313 sint
787 2250 897 2334 tincti.)

270 2417 481 2499 Animaduerto
518 2441 680 2514 quaesitum
715 2442 791 2514 apud
830 2441 936 2501 iratres
978 2441 1047 2515 quid
1084 2442 1180 2514 potius
1218 2440 1395 2505 obseruaril

227 2543 371 2613 oporteret
387 2542 417 2599 in
431 2559 582 2616 personam
594 2559 700 2614 eorum,
712 2540 763 2615 qui
778 2543 810 2600 in
822 2542 936 2601 haeresi
948 2541 1062 2616 quidem
1079 2543 1129 2602 sed
1144 2542 1173 2600 in
1189 2542 1300 2601 nomine
1313 2541 1367 2599 Dei

193 2670 218 2709 η
228 2642 320 2700 nostri
334 2642 401 2701 lesu
414 2641 522 2701 Christi
535 2642 612 2720 {sint}
625 2642 720 2716 tinoti,
736 2643 920 2717 postmodum
934 2643 1000 2703 inde
1015 2642 1138 2718 digressi
1153 2646 1183 2702 et
1198 2642 1368 2718 suppliciter

226 2744 264 2801 ed
278 2744 427 2802 eeclesiam
446 2744 500 2802 Dei
521 2744 701 2816 adnotantes,
723 2745 795 2803 totis
817 2744 993 2818 praeoordiie
1014 2745 1221 2819 paenitentiam
1245 2747 1366 2817 egerent

227 2847 257 2903 et
277 2845 382 2904 erroris
402 2847 447 2905 sui
469 2847 682 2906 damnationem
703 2863 778 2905 nune
800 2847 915 2907 demum
936 2847 1138 2921 intellegentes
1159 2845 1297 2906 auxilium
1318 2863 1367 2906 sa·

225 2945 297 3006 lutis
312 2947 349 3005 ab
364 2965 398 3007 ea
412 2948 608 3022 implorarent,
624 2951 722 3007 utrum
736 2948 938 3008 uetustissima
948 2947 1153 3008 consuetudine
1166 2963 1199 3006 ao
1213 2947 1368 3007 traditione

229 3047 423 3108 eoelesiestioe
443 3052 510 3123 post
530 3047 613 3108 illum
628 3050 703 3122 quod
718 3047 791 3109 forie
807 3048 924 3123 quidem
939 3048 1037 3108 sedin
1050 3047 1165 3108 nomine
1178 3048 1246 3107 Iesu
1257 3046 1368 3107 Christi

190 3149 345 3211 eoDomini
365 3151 458 3210 nostri
480 3153 652 3224 eooepsrnnt
671 3149 819 3224 baptisma
840 3150 1037 3210 tantummodo
1058 3149 1164 3224 imponi
1190 3150 1232 3209 eis
1253 3166 1370 3208 manum

229 3251 266 3310 ab
281 3252 413 3325 episeopo
428 3252 464 3311 ad
486 3251 682 3326 ecoipiendum
703 3251 839 3325 spiritum
861 3254 995 3312 sanetum
1016 3250 1161 3311 sufficeret
1175 3253 1205 3309 et
1220 3251 1290 3310 haee
1304 3268 1366 3311 me·

228 3371 283 3413 nus
309 3354 453 3428 impositio
479 3355 594 3428 signum
621 3355 688 3412 fidei
714 3354 853 3413 iteratum
874 3357 961 3427 atque
982 3355 1206 3413 consummatum
1224 3352 1266 3412 eis
1281 3368 1367 3429 pree·

227 3460 329 3530 staret,
350 3475 387 3516 an
407 3474 475 3516 uero
497 3458 584 3517 etiam
605 3458 743 3517 iteratum
765 3457 910 3531 baptisma
931 3455 978 3515 hie
994 3457 1185 3516 neeessarium
1201 3458 1279 3516 esset
1292 3457 1368 3514 tem·

295 3638 313 3691 2
331 3638 382 3692 Sir.
402 3638 427 3703 2,
447 3638 557 3692 10-12.

297 3807 331 3862 10
348 3806 434 3861 Hunc
451 3811 602 3859 tractatum
615 3808 726 3875 primae
744 3804 834 3862 edidit
852 3806 987 3862 Nicotaus
1001 3806 1142 3876 Ripaltr'res
1159 3821 1194 3860 ex
1211 3807 1370 3877 apographo

227 3891 372 3949 &moedi
395 3909 431 3947 ex
452 3892 635 3947 ademtisetmo
659 3893 751 3947 codiee
775 3893 939 3947 rmaeterii
965 3890 993 3946 S.
1020 3891 1137 3962 Remigii
1161 3892 1302 3946 Rerneesis
1324 3891 1370 3945 de·

226 3978 344 4046 scripto:
364 3984 428 4046 post
447 3976 591 4031 δεινωπαὶ
612 3993 710 4031 eurum
727 3977 869 4031 Bolusiae
892 3979 995 4031 dmm
1017 3978 1133 4032 contulit
1156 3977 1274 4032 eodieerrs
1291 3992 1370 4044 gison

228 4064 339 4130 frastra
350 4064 425 4116 inter
437 4063 522 4116 tetros
536 4062 683 4118 Beruenses
697 4062 834 4131 gumini.
854 4091 886 4102 -
906 4063 940 4117 14
952 4064 1061 4132 oportet
1073 4061 1131 4117 eod.
1145 4069 1198 4118 eto
1267 4063 1301 4117 m
1312 4061 1370 4115 sint

228 4149 331 4203 inciam
447 4148 481 4202 19
499 4148 545 4216 qui
564 4148 626 4219 Rip.
745 4147 783 4204 20
800 4146 904 4201 domini
923 4149 1009 4202 nostri
1030 4148 1176 4211 Bulsinius,
1195 4147 1370 4201 domininon

228 4233 296 4301 eod,
315 4233 479 4287 dominicum
498 4231 664 4288 sinuentur
