3720 4920
535 341 579 394 De
595 339 734 408 duplici
752 341 922 410 martyrio
947 356 969 393 c
988 339 1100 394 10-14.
1321 342 1384 406 229

248 496 341 557 betur.
358 497 513 572 plurimum
529 497 650 558 interest
665 499 740 559 inter
754 498 934 559 barbaricam
950 497 1159 558 immanitatem
1181 500 1211 558 et
1227 504 1381 573 martyrum

247 588 488 661 mmestissimam
505 605 697 662 mnatantiam
712 604 743 661 in
758 621 788 663 ee
804 602 987 675 imbecillem,
1004 603 1035 661 in
1050 601 1164 661 Christo
1180 603 1292 661 ionem.
1316 605 1383 661 suut

246 703 298 776 qui
324 705 411 763 certis
438 705 551 764 artibus
566 723 669 779 corpus
695 706 899 780 stupefaciunt,
925 721 961 765 ne
987 706 1116 765 sentiant
1140 705 1300 764 cruciatus:
1331 705 1384 763 hoc

246 807 328 865 modo
345 823 376 864 se
392 806 506 879 quidem
522 807 643 866 malefici
660 808 794 867 muniunt
808 808 948 866 aduersus
964 807 1129 866 carnificum
1144 824 1255 866 manus.
1272 809 1384 865 suntet

228 909 369 967 saductus
386 911 557 981 impotentes
572 911 621 983 qui
637 928 752 969 sensum
766 912 897 969 adimunt
912 910 1016 979 animo,
1034 910 1075 968 ita
1090 911 1124 967 ut
1138 909 1185 966 uel
1198 910 1316 966 mortem
1329 908 1384 965 im·

247 1010 345 1081 pauidi
365 1010 520 1083 perierant.
553 1013 603 1070 sed
631 1010 774 1084 placidum
791 1010 863 1070 illud
878 1029 912 1070 ac
927 1013 1123 1082 mansuetum,
1147 1010 1220 1069 illud
1236 1010 1383 1069 humiliter

248 1112 371 1171 sublime
386 1116 416 1171 et
430 1113 593 1172 sublimiter
604 1113 710 1172 humile
728 1132 783 1173 uon
800 1114 929 1174 uidemus
951 1114 1008 1172 uisi
1021 1114 1050 1171 in
1068 1111 1177 1171 Christi
1200 1113 1384 1186 martyribus.

246 1230 304 1271 non
331 1216 486 1272 obtuentur
500 1215 630 1273 trucibus
654 1215 743 1274 oculis
766 1216 940 1286 carnificem,
967 1232 1024 1274 non
1039 1214 1219 1272 minitantur
1244 1217 1382 1287 tyranno:

247 1314 340 1389 magis
355 1316 454 1375 dolent
469 1319 504 1376 de
520 1317 633 1376 illorum
649 1318 788 1376 caecitate
803 1336 888 1391 quam
904 1317 938 1376 de
953 1317 1016 1375 suis
1031 1316 1244 1375 afflictionibus.
1274 1316 1384 1374 seilicet

213 1418 355 1479 redamat
381 1422 411 1478 et
436 1418 465 1477 in
489 1419 549 1478 illis
571 1419 719 1478 Christus:
750 1424 860 1493 pater
890 1419 1045 1494 ignosce
1073 1418 1178 1491 illis,
1209 1417 1297 1492 quia
1329 1436 1385 1477 ne-

247 1523 374 1581 sciunt
395 1522 485 1595 qnid
507 1522 662 1581 faciunt.
685 1540 741 1581 non
768 1522 846 1580 aliud
873 1523 1006 1595 spactant
1027 1537 1112 1594 quam
1135 1522 1164 1578 in
1180 1523 1305 1592 caelum,
1337 1522 1385 1579 nbi

246 1640 327 1697 spem
344 1641 456 1684 omnem
472 1625 580 1682 habent
594 1625 761 1696 repositam.
789 1625 831 1682 sic
858 1625 919 1696 ipse
935 1624 1076 1682 Dominus
1102 1622 1183 1682 uelut
1209 1639 1300 1695 agnus
1323 1623 1386 1682 sine

247 1743 318 1785 uoce
333 1729 370 1785 ad
385 1727 588 1785 mactationem
604 1728 707 1785 ductus
722 1727 782 1784 est:
800 1728 829 1783 et
844 1727 870 1785 ei
886 1744 971 1798 quiam
989 1726 1081 1785 edidit
1097 1742 1212 1794 uocem,
1235 1742 1269 1783 aa
1293 1726 1385 1798 magis

248 1827 407 1888 deelaranit
423 1828 549 1886 animum
561 1828 659 1886 mitem
671 1844 705 1886 ac
715 1828 859 1901 placidum
872 1845 956 1900 quarn
969 1828 1060 1886 iillum
1072 1826 1214 1899 potuisset
1228 1827 1385 1886 silentium.

214 1944 333 2004 uquam
358 1929 463 1988 blanda
486 1930 611 1988 oratione
638 1930 789 2002 compellat
819 1930 917 1987 ludam
948 1929 1133 2001 proditorem,
1161 1945 1245 2000 quam
1276 1928 1385 1999 placide

248 2033 396 2106 respoudit
426 2049 526 2090 caesim
556 2032 656 2103 alapa,
691 2047 775 2104 quam
811 2030 883 2088 nihil
914 2031 1036 2089 ferocius
1066 2029 1194 2102 loquitur
1223 2031 1322 2088 Annae
1358 2034 1388 2087 et

249 2134 384 2206 Caiphae,
410 2150 493 2206 quam
525 2133 679 2205 tranquille
710 2133 859 2204 respondit
890 2132 993 2190 Pilato.
1018 2130 1140 2203 denique
1164 2150 1227 2190 oum
1240 2131 1385 2189 Pharisaei

248 2235 330 2294 uelut
344 2235 471 2295 uictores
501 2236 649 2293 mouerent
677 2234 772 2307 capita
798 2251 850 2291 sua
877 2234 1065 2293 amarissimis
1088 2233 1224 2293 conuiciis
1249 2235 1278 2291 iu
1306 2233 1387 2292 illum

248 2339 467 2408 debacchantes,
484 2337 534 2395 illo
550 2337 721 2395 inuitissimus
737 2337 855 2396 clamat:
879 2340 986 2408 pater
1001 2338 1153 2410 ignosce
1176 2336 1277 2405 illis,
1300 2337 1388 2408 quia

211 2441 423 2499 aonaeciunt
445 2438 532 2512 quid
555 2439 708 2497 faciunt.

290 2540 355 2599 Non
374 2542 465 2614 igitur
480 2541 553 2598 mori
569 2557 620 2612 per
635 2557 666 2598 se
682 2540 876 2598 testimouium
893 2543 953 2612 cst,
974 2542 1024 2598 sed
1048 2540 1090 2598 aie
1105 2541 1176 2598 rneri
1192 2544 1236 2599 est
1252 2540 1437 2604 testimo-14

247 2644 325 2702 nium
343 2639 481 2716 praebere
497 2643 567 2702 Deo.
599 2644 760 2714 Stephanus
778 2643 893 2701 iuuenis
922 2642 997 2700 iuter
1019 2642 1177 2702 homicidas
1203 2659 1294 2716 agnus
1309 2642 1384 2700 inter

247 2745 331 2817 lupos
347 2746 446 2802 stabat
461 2745 573 2816 placido
589 2744 774 2817 angelicoque
802 2744 883 2800 uultu
900 2748 929 2801 et
945 2745 982 2802 ad
1006 2744 1119 2803 Domini
1135 2744 1292 2815 exemplum
1323 2745 1387 2799 orat

247 2862 298 2918 pro
316 2846 514 2919 lapidantibus
530 2861 582 2903 nee
598 2845 669 2904 alibi
685 2844 772 2904 habet
787 2845 884 2905 oculos
908 2862 995 2917 quam
1022 2844 1052 2902 in
1068 2844 1189 2902 caelum.
1213 2843 1275 2903 illic
1291 2842 1387 2902 uidere

212 2964 237 3006 ae
248 2949 370 3019 meruit,
388 2949 470 3006 cuius
485 2949 627 3021 praesidio
642 2949 773 3020 superior
788 2951 852 3005 erat
868 2947 1116 3019 persequentibus.
1144 2947 1193 3019 qui
1220 2962 1288 3004 uero
1303 2946 1388 3003 timet

248 3049 351 3120 Deum,
368 3068 423 3109 non
442 3051 544 3108 metuit
559 3049 706 3108 hominum
722 3049 870 3107 saeuitiae.
888 3049 982 3121 quiex
999 3048 1092 3107 animo
1108 3047 1206 3120 diligit
1222 3047 1310 3104 uitam
1323 3062 1386 3104 cac-

248 3151 359 3226 lestem,
375 3151 460 3210 facile
476 3152 563 3210 uilem
580 3151 668 3210 hahet
683 3153 806 3210 animam
818 3154 905 3224 atque
919 3150 963 3208 illi
979 3167 1044 3209 cnm
1059 3151 1144 3208 beato
1156 3150 1245 3208 Paulo
1258 3150 1387 3207 uiuere

247 3253 429 3312 Christus
451 3255 517 3325 est,
540 3254 629 3312 mori
653 3254 802 3312 lucrum.
835 3272 872 3311 au
887 3270 944 3312 non
967 3253 1069 3326 ingens
1084 3250 1195 3310 lucrum
1210 3251 1344 3310 osthane
1359 3253 1388 3309 ot

248 3356 364 3415 brenam
380 3358 411 3413 ot
425 3355 585 3414 innumeris
601 3354 686 3414 malis
702 3356 925 3414 contaminatam
941 3355 1032 3413 uitam
1048 3370 1112 3412 eum
1129 3352 1303 3426 sempiterna
1318 3353 1387 3411 teli-

211 3472 238 3512 eo
248 3458 336 3518 citata
352 3461 549 3518 commutare?
566 3458 614 3516 hic
629 3457 768 3517 Dominus
783 3458 1021 3531 qruomadmodum
1037 3459 1067 3515 et
1089 3455 1119 3513 in
1134 3455 1238 3514 ceteris
1254 3455 1385 3514 omnibus

248 3577 312 3621 sese
328 3561 449 3620 formam
465 3560 547 3620 nobis
564 3560 703 3618 exhibuit.
721 3577 807 3634 quum
823 3560 898 3618 enim
913 3559 1037 3618 instaret
1051 3560 1196 3617 extremus
1212 3560 1293 3616 aetus
1308 3574 1384 3615 mar·

247 3663 315 3736 tyrii
331 3679 416 3736 quam
431 3663 514 3720 aiunt
529 3662 558 3720 iu
574 3661 681 3721 fabulis
697 3665 827 3736 oportere
853 3679 917 3722 esse
944 3663 1101 3734 optimum,
1129 3660 1263 3729 secessit,
1280 3659 1386 3719 abiecit

247 3781 309 3824 sese
339 3765 371 3822 iu
388 3769 502 3836 terram,
526 3764 636 3838 prolixe
651 3768 738 3838 atque
754 3766 842 3824 etiam
856 3765 1024 3839 frequenter
1053 3782 1086 3823 ac
1107 3763 1265 3838 sanguineo
1281 3763 1385 3821 sudore

247 3871 414 3928 madescens
441 3871 554 3927 nostrae
582 3872 701 3928 naturae
728 3870 757 3926 iu
780 3887 811 3928 se
832 3868 976 3942 expressit
991 3867 1237 3935 imbecillitatem,
1261 3869 1327 3924 ante
1342 3870 1385 3923 tc-

211 3973 343 4029 anemius
370 3971 457 4029 animi
484 3972 610 4028 taedium
638 3988 672 4030 ao
697 3970 847 4029 tristitiam
876 3987 964 4043 nsque
991 3969 1027 4026 ad
1050 3973 1188 4038 mortem,
1214 3984 1249 4025 ne
1275 3983 1328 4026 nos
1357 3968 1387 4025 in

318 4220 432 4273 1012110.
451 4221 494 4282 23,
513 4221 556 4273 34.
663 4221 698 4276 27
717 4221 786 4273 Phil.
811 4225 831 4280 l,
850 4224 891 4274 21.

279 4401 300 4432 Q
