3720 4920
608 379 655 434 De
671 378 926 450 rebaptismate
949 395 971 434 c.
989 381 1083 436 9-10.
1373 388 1414 452 81

275 537 513 598 resurrectionem
538 535 654 597 Domini
686 553 762 596 unus
787 553 804 596 o
830 535 980 611 discipulis
1009 537 1072 597 eius
1098 536 1219 613 cleopas
1244 555 1309 598 oum
1340 542 1419 599 esset

275 642 401 700 messius
427 640 583 700 seeundum
609 655 736 700 errorem
763 637 890 699 omnium
916 639 1175 714 eondisoipnlorum
1198 658 1330 712 suornm,
1360 640 1418 715 ipsi

277 741 398 802 Domino
420 745 564 816 temonem
587 741 677 802 alioui
698 742 798 816 ignoto
820 741 948 801 reterens
962 743 1038 816 quod
1052 743 1223 816 oontigorat,
1247 745 1290 804 sio
1304 744 1418 804 looutns

276 846 321 903 est
343 845 441 904 disens
462 844 497 902 do
519 845 587 902 Iesn
608 843 769 915 Nazareno,
792 842 843 917 qni
865 843 923 902 iuit
944 845 1086 918 propheta
1107 847 1209 917 potens
1231 845 1262 904 iu
1284 845 1370 906 iestis
1389 847 1419 905 et

254 943 363 1005 edictis
378 945 408 1004 in
423 947 577 1020 oonspootu
592 945 646 1005 Dei
661 947 692 1005 et
705 944 836 1005 uniuersi
851 945 960 1020 popuii,
983 945 1121 1019 quomodo
1143 946 1220 1007 huno
1234 947 1418 1008 tradiderunt

274 1049 438 1107 secerdotes
459 1049 489 1107 st
510 1046 655 1121 principes
677 1048 770 1107 nostri
792 1049 823 1105 in
845 1049 1055 1108 damnationem
1078 1049 1180 1108 mortis
1201 1053 1232 1109 et
1253 1052 1330 1110 oruoi
1352 1069 1418 1111 eum

274 1148 409 1208 fixerunt.
445 1164 498 1207 nos
536 1151 632 1209 autem
669 1149 856 1221 sperabamus
897 1149 973 1223 quod
1016 1150 1077 1223 ipse
1114 1151 1177 1210 oret
1216 1150 1418 1225 redempturus

274 1251 376 1311 Israel.
413 1253 494 1311 iuxta
530 1268 602 1325 quae
632 1268 731 1311 omnes
766 1268 878 1326 quoque
907 1251 1041 1326 disoipuli
1071 1253 1317 1314 adseuerationom
1346 1272 1418 1329 quo·

274 1371 330 1427 que
369 1355 536 1425 mulierum,
582 1370 655 1428 qnae
692 1356 759 1428 post
797 1353 1034 1414 msnrreotionem
1073 1354 1208 1414 uiderent
1247 1355 1417 1428 Dominum,

239 1455 475 1514 roiudioenerunt
504 1453 694 1514 deliramenta
729 1458 759 1514 et
794 1455 910 1529 quidem
948 1454 1075 1529 ipsorum
1110 1456 1174 1516 uiso
1203 1474 1236 1517 eo
1266 1475 1324 1518 non
1353 1475 1418 1518 ore·

276 1556 411 1615 didorunt
439 1557 491 1615 sed
519 1555 737 1628 dubitauerunt,
768 1555 873 1631 quique
903 1558 973 1616 tuno
1001 1574 1059 1616 non
1079 1557 1274 1618 interfuerunt
1302 1559 1417 1619 omnino

274 1672 331 1715 non
356 1657 549 1728 erediderunt,
576 1658 632 1716 nisi
661 1657 843 1729 postmodum
869 1659 906 1716 eb
932 1658 995 1732 ipso
1021 1659 1141 1718 Domino
1166 1660 1299 1719 omnibus
1324 1661 1418 1721 modis

273 1757 398 1817 tuissent
421 1759 566 1833 obiurgeti
588 1763 675 1834 atque
695 1760 853 1833 increpati:
877 1761 1010 1834 quonism
1032 1777 1110 1821 mors
1132 1777 1181 1820 eos
1200 1762 1245 1821 ite
1259 1761 1418 1822 offenderat

276 1861 310 1918 ut
337 1861 472 1933 putarent
502 1877 566 1920 oum
594 1878 652 1921 non
689 1862 901 1934 resurrexisse,
939 1879 1023 1937 quem
1061 1863 1215 1923 innuerent
1251 1867 1324 1924 mori
1360 1882 1419 1924 non

240 1979 266 2018 re
280 1961 422 2034 debuisse,
453 1961 522 2035 qnia
551 1965 651 2022 sonna
680 1963 842 2037 opinionem
873 1964 1000 2037 ipsorum
1029 1962 1117 2024 semol
1143 1966 1275 2024 mortuus
1301 1967 1416 2027 fuisset.

275 2061 374 2135 itaque
396 2063 470 2136 quod
491 2064 528 2121 ed
549 2064 628 2135 ipsos
643 2064 803 2136 discipulos
818 2066 953 2137 pertinet,
977 2082 1067 2138 neque
1082 2066 1226 2139 integram
1241 2084 1333 2141 noque
1350 2084 1418 2141 per·

275 2162 381 2224 iseum
403 2165 489 2224 fidem
511 2165 648 2225 babuisse
671 2164 719 2225 his
741 2165 833 2224 modis
851 2167 961 2239 ouibus
986 2167 1137 2227 retulimus
1159 2166 1363 2242 inueniuntur,
1387 2172 1418 2229 et

275 2265 351 2338 qnod
365 2268 455 2325 molto
471 2267 590 2340 grauius
605 2269 660 2338 est,
676 2268 753 2326 siout
767 2267 798 2325 in
813 2268 963 2340 euangelio
979 2271 1044 2326 oeta
1058 2269 1194 2327 Iosnuem
1206 2269 1346 2343 scriptum
1361 2274 1416 2343 est,

274 2365 361 2425 etiam
377 2367 449 2426 ulios
464 2367 659 2441 baptizabant.

239 2481 267 2522 ro
319 2469 474 2528 Praeterea
499 2468 568 2542 quid
594 2469 725 2528 dicturus
751 2486 782 2529 es
808 2471 843 2528 de
867 2471 913 2529 his
939 2472 989 2545 qni
1014 2472 1182 2545 plerumque
1209 2474 1246 2532 ab
1272 2474 1416 2548 episeopis
1426 2479 1468 2538 10

275 2572 417 2644 pessimae
439 2571 665 2632 conuersationis
687 2573 889 2646 baptizantur:
912 2573 961 2646 qui
984 2577 1080 2634 temen
1107 2576 1223 2634 tandem
1249 2592 1314 2634 oum
1337 2577 1415 2635 Dens

275 2672 409 2745 noluerit,
436 2674 466 2732 in
491 2674 649 2733 sooleribns
675 2675 737 2732 suis
763 2675 898 2745 eonuioti,
925 2676 1013 2735 etiam
1036 2677 1099 2748 ipso
1120 2678 1172 2735 eut
1193 2693 1312 2751 prorsus
1326 2678 1415 2737 etism

276 2773 530 2834 communicatione
555 2774 730 2849 priuantur?
754 2778 805 2834 aut
827 2776 897 2851 qnid
920 2779 1031 2836 statues
1046 2778 1081 2836 de
1097 2776 1139 2836 oie
1154 2777 1204 2851 qni
1219 2779 1256 2837 ab
1271 2779 1415 2854 episeopis

276 2891 365 2948 praue
386 2876 578 2935 sentientibus
600 2879 651 2936 eut
672 2876 897 2950 imperitioribus
919 2878 1028 2938 iusriut
1050 2878 1212 2950 baptizati?
1228 2881 1343 2953 quando
1358 2897 1417 2940 non

238 2976 315 3034 seed
341 2975 482 3050 liquidnm
504 2981 534 3037 et
554 2977 667 3051 integro
689 2978 738 3037 nel
764 2978 852 3038 etiam
877 2977 963 3039 alitor
984 2996 1070 3053 quam
1084 2980 1198 3051 oportet
1212 2979 1243 3037 in
1257 2980 1415 3042 traditione

277 3079 450 3138 seoremsnti
471 3079 580 3138 fuerint
600 3079 700 3151 loonti,
726 3082 805 3140 oerto
826 3083 878 3139 aut
901 3079 1146 3155 interrogauerint
1164 3082 1234 3155 quid
1258 3085 1309 3141 ant
1323 3082 1416 3142 inter·

274 3184 412 3255 regentes
426 3200 444 3241 a
458 3182 699 3256 respondentibus
719 3182 865 3242 audierint
886 3183 961 3256 quod
984 3183 1100 3243 minime
1121 3182 1164 3242 ite
1178 3183 1351 3259 interrogari
1364 3188 1417 3244 ant

277 3283 443 3355 responderi
465 3283 560 3355 debet,
581 3283 658 3357 qnod
680 3285 778 3343 tamen
794 3301 851 3344 non
866 3283 951 3344 ualde
965 3284 1046 3344 illam
1061 3285 1190 3344 nostram
1205 3287 1315 3345 reotam
1330 3286 1416 3347 fldem

276 3384 382 3456 leedat,
408 3384 459 3445 sed
485 3402 540 3445 nou
566 3389 626 3445 tem
653 3390 753 3446 ornate
780 3389 813 3446 ut
838 3389 872 3446 tu
898 3390 928 3447 et
949 3389 1114 3461 oomposite,
1140 3387 1192 3447 isti
1216 3405 1328 3463 quoque
1344 3388 1416 3448 sim·

238 3485 409 3559 aeplioioros
430 3487 561 3546 hominos
583 3489 753 3562 mysterium
773 3488 841 3548 iidei
860 3489 987 3548 tradant.
1009 3489 1140 3548 dicturus
1161 3505 1193 3548 ss
1214 3488 1292 3548 enim
1314 3490 1415 3565 utiquo

273 3604 324 3662 pro
339 3589 391 3646 tua
410 3587 552 3662 singulari
573 3588 728 3664 diligentia
743 3590 795 3651 bos
811 3605 922 3665 quoqne
942 3591 1033 3650 donno
1049 3590 1236 3663 baptizandos
1251 3607 1326 3665 esse,
1350 3610 1416 3652 oum

273 3690 396 3750 maxims
418 3692 460 3750 eis
483 3708 531 3750 res
554 3691 630 3751 desit
653 3695 705 3750 eut
719 3693 817 3752 obstet
832 3709 888 3766 quo
903 3692 997 3751 minus
1012 3691 1179 3752 inuiolabile
1194 3692 1268 3752 illud
1283 3692 1418 3752 diuinum

343 3932 591 3996 mmai&

340 4170 428 4225 deum
438 4172 562 4242 omitto.
622 4173 655 4226 14
664 4173 808 4227 innuerent
817 4172 890 4244 Rip,
899 4172 1068 4256 crediderent
1077 4173 1151 4238 Boi,
1160 4174 1312 4228 timuerant
1324 4173 1384 4229 eod.

270 4254 306 4308 22
322 4256 381 4325 ipso
400 4260 449 4311 eut
466 4258 533 4322 cod,
556 4259 614 4326 ipso
631 4274 740 4313 munere
763 4259 862 4327 Onon,
886 4261 968 4328 epetu
986 4260 1015 4328 (t.
1028 4277 1049 4314 e.
1068 4259 1235 4330 episcopetu)
1249 4262 1298 4314 aut
1308 4257 1378 4325 fort.

374 4363 452 4410 111n
1183 4352 1204 4416 6
