3720 4920
391 395 456 459 260
863 390 1047 460 Appendia

391 549 547 608 admiserat
562 553 594 608 ut
609 551 662 608 hoc
677 548 847 622 pateretur?
862 549 918 607 nisi
934 545 1003 621 quin
1019 565 1084 608 nere
1095 551 1208 608 constat
1220 565 1282 606 eum
1295 549 1403 606 lactum
1417 550 1448 605 ut
1463 546 1521 605 dixi

393 652 422 708 in
438 652 572 726 mysterIo
587 653 650 710 eius
664 653 713 725 qui
729 653 806 724 prior
820 650 913 724 legem
929 652 981 708 Dei
1007 653 1205 723 transgressus
1231 653 1275 710 est
1301 653 1331 708 ot
1356 649 1413 707 luit
1441 650 1523 721 pater

393 755 516 813 omnium
531 757 724 827 peccatorum:
741 756 771 813 et
785 754 848 813 ideo
863 771 919 812 non
934 754 1026 812 solum
1043 754 1121 811 Adue
1134 754 1284 826 oportebat
1300 750 1458 820 subucnIri,
1471 751 1523 809 sed

392 860 421 913 et
436 855 567 913 omnibus
582 857 779 929 peccatoribus
795 855 844 928 qui
860 854 914 912 filii
930 856 1063 914 Abrahae
1085 853 1174 912 futuri
1189 853 1445 927 praeuidobantnr,
1461 869 1522 910 irre·

393 958 447 1016 rIto
470 962 499 1016 et
524 959 579 1031 ipsi
606 959 716 1016 ciuitati
745 963 774 1017 et
799 959 906 1030 templo
921 959 1087 1030 priusquam
1109 958 1335 1024 subuerteretur,
1351 958 1417 1027 post
1431 971 1544 1013 ennoss

394 1060 467 1116 LXX
483 1061 625 1131 rcstItuto,
641 1061 903 1132 repromittebatur.
917 1063 947 1118 et
962 1061 1016 1118 hoc
1032 1063 1094 1117 erat
1110 1059 1184 1131 quod
1210 1057 1265 1116 lem
1288 1059 1358 1115 tunc
1379 1057 1416 1115 ab
1438 1055 1523 1116 initio

394 1162 500 1220 saeculi
515 1163 545 1218 in
560 1163 706 1220 Abraham
722 1165 831 1234 patrem
847 1162 914 1220 fidoi
929 1161 1191 1220 demonstrabatur:
1215 1160 1343 1232 quicum
1359 1159 1524 1232 supplesset

394 1266 471 1322 adia
487 1264 650 1322 natiuitatis
665 1280 734 1322 suas
749 1280 841 1322 annos
855 1264 940 1334 LXX,
964 1280 1023 1321 non
1040 1263 1133 1336 potuit
1148 1262 1182 1320 do
1199 1265 1276 1320 terrs
1290 1279 1342 1320 sua
1357 1261 1445 1332 exire,
1466 1259 1525 1318 nisi

395 1367 423 1423 in
439 1366 626 1426 similitudine
642 1365 840 1438 Pentateuchi,
868 1367 949 1425 cuius
976 1365 1111 1425 uniuersa
1136 1366 1270 1424 mundata
1296 1364 1418 1439 populus
1433 1363 1524 1423 Israel

394 1486 450 1527 non
466 1471 527 1526 erat
542 1468 754 1538 obseruaturos,
770 1469 950 1526 edicerentur
967 1471 997 1526 et
1012 1469 1080 1525 enni
1095 1467 1130 1539 V,
1154 1471 1184 1525 ot
1199 1468 1241 1525 sic
1256 1468 1375 1525 credens
1391 1467 1460 1536 Deo,
1476 1483 1524 1525 re·
1536 1482 1562 1520 ro

396 1573 543 1642 putaretur
565 1567 591 1628 ei
613 1571 650 1628 ad
672 1569 822 1628 iustitiam.
840 1569 887 1628 blo
902 1573 947 1627 ost
964 1571 1061 1642 itaque
1077 1569 1221 1627 Abraham
1247 1570 1281 1626 de
1308 1585 1364 1641 quo
1391 1567 1525 1640 superius

395 1672 527 1742 diximus,
543 1673 619 1744 quod
635 1672 735 1729 LXXV
762 1689 900 1729 annorum
926 1672 1082 1730 crediderit
1108 1674 1235 1729 uocatus.
1263 1672 1299 1728 ad
1326 1687 1396 1743 quos
1423 1669 1524 1726 LXXV

396 1790 484 1830 annos
499 1772 622 1830 udIcItur
639 1790 712 1829 rinus
727 1789 828 1841 ennrrs,
845 1775 874 1829 ot
888 1772 961 1829 ficret
976 1772 1102 1828 LXXVI.
1125 1772 1190 1844 quis
1214 1773 1308 1830 autem
1331 1771 1379 1829 bic
1395 1772 1444 1842 qui
1460 1771 1523 1829 edi·
1568 1829 1569 1832 ,

396 1875 471 1931 cltur
486 1879 579 1932 unnrs‘?
606 1874 655 1931 ille
671 1874 783 1932 scilicet
797 1874 846 1947 qui
862 1876 897 1933 de
913 1875 1020 1932 semino
1036 1874 1097 1932 oius
1112 1891 1203 1946 agnus
1220 1874 1371 1933 anniculus
1386 1875 1525 1932 immacu·

396 1976 473 2033 latus
488 1980 533 2034 cst
547 1977 651 2034 dictus.
667 1977 759 2049 igitur
774 1978 809 2034 do
824 1976 904 2034 mille
921 1981 950 2035 et
965 1994 1015 2034 sex
1032 1978 1203 2034 deducemus
1226 1976 1352 2044 LXXVI,
1376 1981 1405 2033 ot
1428 1993 1522 2034 rems·
1537 1993 1562 2031 rs

396 2082 466 2134 nent
480 2079 548 2134 anni
564 2078 770 2147 DOCCCXXX‚
787 2079 891 2148 quibus
906 2079 1049 2151 suppletis
1064 2079 1155 2136 Adam
1171 2079 1286 2136 functus
1302 2081 1346 2134 ost
1362 2078 1431 2135 uita.

348 2183 387 2238 13
440 2179 509 2236 Post
523 2179 593 2236 haec
608 2183 702 2236 autom
717 2181 941 2238 demonstremus
957 2178 1136 2251 captiuitatis
1156 2183 1266 2251 tempus
1287 2197 1425 2236 annorum
1441 2178 1525 2236 LXX.

397 2279 537 2352 suppletis
552 2282 626 2337 onim
650 2282 687 2339 ab
710 2281 807 2339 Idrodo
823 2296 913 2352 usque
929 2282 965 2338 sd
981 2281 1144 2339 Ieclroniam
1159 2281 1241 2338 erinis
1256 2280 1525 2337 DOOCOLXXILXV

397 2381 551 2439 adiciamus
565 2382 607 2438 XI
621 2382 770 2452 Sedeciue,
796 2382 846 2453 qui
861 2383 930 2440 anni
956 2383 1088 2440 undecim
1114 2383 1143 2438 in
1166 2399 1281 2454 corpore
1298 2382 1371 2438 LXX
1386 2398 1526 2439 annorum

397 2485 604 2555 computantur.
621 2500 676 2554 quo
692 2487 787 2542 autem
803 2484 885 2541 modo
900 2483 1057 2542 uideamus.
1074 2502 1107 2541 ox
1118 2502 1173 2556 quo
1184 2485 1268 2558 capta
1279 2486 1324 2542 est
1335 2481 1526 2553 Hierusalem,
1538 2500 1565 2540 ro

399 2586 460 2657 ipse
475 2585 607 2643 Sedecies
623 2585 707 2643 annis
723 2586 772 2643 XI.
788 2589 953 2657 postquem
970 2586 1239 2656 Nabuchodonosor,
1257 2586 1305 2658 qui
1322 2603 1386 2644 eum
1405 2585 1530 2644 interra

399 2687 604 2745 Chaldaeorum
619 2686 750 2745 uinctum
766 2688 848 2744 duxlt
862 2688 945 2745 urinis
960 2687 1045 2744 XXV.
1074 2687 1262 2745 Vlemarudsn
1277 2688 1361 2745 annis
1376 2687 1442 2744 XII.
1459 2686 1527 2744 Bul-

399 2790 497 2846 thasar
512 2790 594 2847 arinis
610 2789 680 2846 IIII.
712 2792 742 2847 et
757 2789 861 2847 Darius
875 2789 940 2864 Cyri
957 2790 1034 2848 filius
1050 2790 1133 2848 annis
1148 2790 1255 2849 XVIII.
1285 2794 1352 2848 sicut
1368 2789 1397 2846 in
1412 2805 1444 2847 se
1459 2788 1526 2846 anni

400 2887 482 2948 LXX.
514 2889 600 2947 etsie
615 2890 704 2962 Cyrus
721 2890 848 2962 suscepit
871 2906 989 2964 regnum
1005 2893 1149 2950 Medorum
1165 2897 1194 2949 et
1210 2893 1372 2949 Persarum.
1404 2892 1466 2963 ipse
1481 2894 1527 2948 ost

401 2990 489 3063 Cyrus
515 2991 596 3048 cuius
619 2990 648 3047 in
670 2991 809 3064 priucipio
832 2993 913 3064 regni
942 3010 1004 3050 cum
1033 2993 1175 3050 thesauris
1201 2993 1300 3050 domus
1317 2993 1369 3049 Dei
1396 3008 1529 3050 reuersus
1540 3011 1565 3049 rs

400 3096 445 3148 est
461 3091 581 3163 populus
597 3092 765 3149 Indaeorum
777 3093 807 3149 in
822 3096 901 3151 terra
917 3112 979 3151 sus.
1004 3112 1037 3151 ex
1053 3111 1107 3166 quo
1123 3097 1248 3165 temporo
1264 3096 1375 3166 oportet
1391 3111 1443 3152 nos
1459 3095 1529 3151 heb·

469 3408 484 3457 1
503 3408 661 3461 emiseratc
783 3425 841 3460 eum
861 3410 899 3471 bc,
922 3409 949 3461 id
973 3411 1010 3464 W
1130 3409 1199 3462 dixu
1217 3413 1232 3461 t
1359 3410 1496 3478 Vlcgisc

399 3491 502 3560 3idoo]
521 3491 615 3545 odioc
707 3493 797 3546 solob
896 3494 1072 3547 subuenitec
1168 3495 1255 3547 4filii
1274 3512 1295 3557 c,
1315 3495 1365 3547 lilii
1384 3494 1446 3548 tidci
1464 3497 1497 3548 bo

400 3576 418 3629 5
434 3576 654 3631 subuertcrcntur
671 3594 686 3631 c
788 3579 805 3629 6
822 3581 887 3631 tnnc
906 3595 957 3633 om.
977 3597 991 3632 c
1094 3583 1111 3632 e
1129 3579 1307 3633 slmilitudine
1324 3582 1349 3647 b,
1368 3581 1447 3648 signo
1466 3596 1498 3634 co

402 3661 435 3713 10
453 3661 624 3729 deputaretur
644 3663 669 3715 oi
689 3662 799 3715 iustitia
817 3664 833 3716 b
973 3666 1006 3717 12
1024 3664 1131 3719 credens
1149 3681 1164 3718 c
1303 3666 1336 3718 14
1354 3682 1423 3719 unus
1440 3666 1465 3726 b,
1482 3680 1529 3717 an-

401 3765 451 3801 nus
468 3765 499 3802 co
620 3749 820 3819 immaculatus]
839 3750 986 3803 inuiolatus
1009 3768 1024 3805 c
1145 3752 1179 3810 15
1197 3752 1282 3820 igitur
1301 3752 1343 3820 do]
1362 3752 1464 3820 legitur
1483 3753 1499 3804 b

401 3836 429 3885 et
446 3835 499 3902 ser]
519 3834 590 3887 Vlb
676 3835 709 3887 16
728 3835 846 3888 uitsmc
935 3838 967 3888 18
986 3838 1084 3891 annio
1166 3839 1198 3892 19
1216 3837 1254 3890 XI
1273 3836 1400 3905 sedeciae]
1419 3836 1498 3890 XLc

400 3918 436 3971 20
453 3918 514 3986 quo]
533 3918 580 3985 qui
598 3934 613 3970 c
693 3919 863 3987 hyerusalem
880 3921 897 3973 b
914 3926 940 3974 et
957 3922 997 3974 sic
1010 3938 1091 3990 saepe
1165 3924 1198 3975 21
1218 3922 1348 3990 Seductus]
1368 3927 1399 3975 ut
1416 3923 1532 3975 diximus

401 4002 465 4056 adu.
485 4019 516 4056 ce
598 4006 660 4072 post
678 4006 766 4073 quem]
786 4005 862 4059 ouius
879 4009 942 4074 post
960 4010 1073 4060 mortem
1091 4011 1265 4078 postquamc
1347 4007 1383 4061 22
1401 4008 1500 4061 enrric

402 4088 474 4142 uitae
493 4089 651 4143 Merodatb
738 4090 802 4159 XII]
822 4091 895 4145 le
982 4093 1137 4147 baldasarc
1229 4093 1263 4146 23
1282 4092 1347 4161 cyri]
1367 4093 1500 4146 asirineb

402 4176 466 4226 sunt
483 4175 507 4240 b,
530 4175 599 4228 flunt
618 4191 649 4230 co
849 4177 884 4230 24
902 4177 1017 4246 suscipit
1034 4195 1048 4231 c
1246 4177 1280 4229 25
1297 4177 1390 4229 ‹lomns
1414 4195 1465 4230 orn.
1483 4180 1499 4229 b

402 4260 436 4312 26
453 4260 607 4313 iudaeorum
624 4277 675 4314 om.
694 4262 711 4314 b
815 4263 877 4330 quo]
896 4264 954 4331 ipso
972 4266 1043 4316 onim
1060 4281 1076 4318 c
