3720 4920
494 348 540 404 De
558 347 815 421 singularitate
833 327 1037 404 clericorum
1055 364 1079 405 c.
1097 348 1209 404 23-25.
1356 355 1417 417 201

282 509 403 571 crimine
419 510 470 568 ant
485 505 580 585 ignari
595 507 766 581 deputemur
780 505 811 564 in
827 506 970 567 reddendo
985 505 1134 577 rationem,
1161 508 1195 565 ut
1220 505 1334 581 publica
1349 506 1421 566 uicti

281 610 487 687 paenitentiam
497 612 611 684 gerant:
627 611 678 669 aut
689 608 714 667 si
725 607 881 680 noluerint,
893 625 946 669 nos
958 608 1146 682 expunximus
1157 609 1234 683 quod
1245 610 1282 669 cd
1292 611 1422 668 nostram

282 714 409 790 pertinet
431 710 624 786 diligentiam,
639 714 673 769 ut
688 710 827 785 quomodo
843 709 1035 771 satisfecimus
1050 727 1138 784 supra
1152 710 1245 772 dictae
1260 711 1421 772 sententiae

282 816 450 886 Salomonis,
478 815 520 874 ita
534 812 749 873 satisfaciamus
764 812 852 871 etiam
868 812 959 873 Paulo
975 813 1104 887 apostolo
1125 812 1321 873 concionanti:
1351 829 1423 874 ser·

264 936 381 991 snum,
415 917 527 991 inquit,
562 915 706 975 Domini
739 932 810 975 non
832 917 983 990 oportet
1003 899 1179 990 litigare,
1207 917 1269 977 sed
1298 916 1422 977 mitem

282 1038 364 1083 esse
379 1021 422 1081 ad
437 1036 561 1081 omncs
577 1019 780 1079 docibilem
796 1019 1019 1093 patientem,
1035 1036 1111 1079 cum
1126 1018 1222 1081 omni
1237 1019 1422 1080 modoetia

280 1122 550 1196 corripientem
572 1138 633 1180 eos
655 1120 721 1193 qni
742 1119 947 1193 resistunt,
970 1138 1011 1180 ne
1027 1120 1125 1181 forte
1141 1121 1202 1180 det
1224 1122 1422 1183 illisDeus

280 1223 552 1302 paonitentiam
585 1224 630 1283 ad
663 1223 952 1297 cognoscendam
991 1223 1186 1284 ueritatem
1215 1227 1251 1286 et
1282 1224 1421 1300 resipi-

281 1329 387 1386 scant
409 1328 450 1385 dc
472 1325 617 1384 diaboli
639 1324 796 1398 laqueis,
820 1340 926 1399 aquo
948 1325 1420 1398 captiuitenentursecun·

247 1430 363 1489 redum
384 1427 463 1488 eius
486 1427 731 1488 uoluntatem.

325 1531 415 1589 Omne
431 1529 567 1604 quicquid
582 1533 620 1590 ab
635 1531 800 1589 auctoribus
815 1531 923 1592 nostris
951 1535 1067 1606 gestum
1082 1535 1128 1591 est
1143 1533 1355 1592 rationabiliter
1369 1549 1420 1606 gc·
1432 1525 1474 1585 25

282 1632 408 1702 robatur,
437 1635 469 1690 ιιι
483 1631 608 1705 posteris
624 1632 709 1692 nobis
735 1633 875 1692 aduersus
902 1634 1146 1707 praeuaricatorcs
1167 1633 1282 1694 munita
1295 1633 1422 1709 undique

282 1734 440 1795 auctoritas
455 1734 628 1794 traderetur.
657 1736 775 1807 propter
801 1735 943 1794 haeresim
959 1735 1174 1808 anticipandam
1189 1753 1275 1810 quam
1290 1736 1422 1810 superius

282 1835 444 1895 taxauimus
459 1836 494 1895 de
510 1836 695 1895 adsumendis
711 1835 825 1896 feminis
851 1837 913 1897 siue
928 1838 1194 1912 persemetipsum
1209 1839 1272 1897 sina
1294 1853 1346 1912 per
1360 1854 1420 1897 ser-

248 1955 274 1995 ιι
283 1955 336 1998 uos
350 1954 418 1996 suos
432 1937 574 1995 Dominus
588 1937 739 2011 paululum
755 1938 906 2010 relaxarit,
932 1956 968 1999 ne
982 1939 1071 1997 nimio
1085 1939 1180 2013 rigore
1202 1937 1233 1997 in
1256 1941 1348 1998 totum
1363 1939 1421 2000 Do·

284 2039 354 2100 mini
369 2039 478 2098 fabrica
493 2040 688 2099 damnaretur.
704 2040 947 2112 praesidebantur
962 2041 1111 2101 aDomino
1125 2041 1266 2102 baeretici
1282 2041 1332 2114 qui
1347 2058 1421 2114 nnp·

283 2141 341 2201 tias
367 2140 501 2201 auferunt
531 2144 561 2200 et
586 2158 659 2215 quos
674 2141 813 2201 Dominus
838 2143 933 2202 iunxit
947 2147 1048 2205 contra
1069 2146 1189 2204 naturae
1204 2143 1377 2219 principium
1392 2147 1423 2205 et

286 2247 385 2304 contra
399 2244 582 2317 euangelium
597 2259 733 2318 separare
749 2246 936 2304 contendunt.
959 2246 1065 2319 quibus
1088 2246 1263 2305 interdicens
1279 2247 1336 2306 iam
1352 2251 1422 2308 tunc

285 2345 443 2404 auctoritas
464 2345 638 2419 parabatur,
664 2362 701 2404 ne
716 2347 868 2405 maritatae
890 2347 1026 2407 mulieres
1041 2349 1174 2407 accedere
1191 2350 1359 2407 notarentur
1384 2350 1421 2408 ad

249 2460 277 2501 ao
287 2446 449 2519 christum,
471 2448 518 2506 cui
533 2448 564 2506 in
579 2448 747 2521 praesentia
762 2450 934 2510 seruierunt.
951 2451 1002 2509 sed
1017 2467 1073 2509 non
1084 2450 1147 2511 sine
1160 2451 1354 2511 moderamine
1366 2450 1423 2510 fuit

286 2548 374 2608 etiam
390 2548 455 2622 ipsa
470 2548 620 2622 permissio
636 2553 799 2623 procurata,
815 2568 888 2625 quae
903 2569 960 2610 non
976 2551 1032 2611 sibi
1047 2551 1222 2625 operabatur
1244 2553 1294 2611 sed
1316 2552 1421 2611 ceteris

283 2651 359 2726 quod
374 2652 501 2724 gerebat.
518 2669 585 2709 nam
601 2651 627 2710 si
642 2651 795 2712 adlocutus
810 2655 855 2711 est
870 2653 1010 2713 Dominus
1025 2654 1253 2726 samaritanam,
1269 2655 1307 2713 ad
1322 2655 1421 2714 boram

286 2752 384 2812 docuit
409 2756 438 2812 et
463 2752 583 2812 recessit
605 2770 659 2813 nec
673 2753 870 2814 defensionem
886 2755 1087 2815 continuandis
1103 2755 1271 2815 excessibus
1285 2755 1366 2814 iecit.
1382 2756 1421 2814 ad

283 2853 384 2914 horam
400 2855 545 2914 Maribam
561 2873 674 2930 quoque
689 2872 793 2928 passus
808 2860 854 2916 est
868 2859 1093 2917 ministrantem.
1111 2860 1163 2919 sed
1178 2858 1248 2932 quid
1263 2860 1327 2917 erat
1341 2857 1422 2917 alind

247 2967 273 3010 ιι
282 2955 402 3016 Domino
417 2957 474 3016 nisi
488 2956 571 3030 regni
586 2957 721 3018 caelestis
736 2959 858 3034 prandia
872 2960 1058 3021 ministrare?
1074 2960 1214 3034 numquid
1229 2962 1283 3021 sub
1299 2960 1420 3020 Domino

281 3075 340 3117 non
355 3058 434 3119 fuera
450 3059 604 3118 conuiuia?
628 3064 680 3119 aut
695 3061 751 3121 sub
765 3063 917 3122 maiestate
931 3063 994 3122 eius
1009 3066 1073 3121 erat
1088 3062 1163 3122 alius
1178 3065 1264 3135 potus
1277 3066 1328 3121 ant
1340 3062 1421 3122 cibus

282 3175 367 3232 quam
383 3159 537 3234 disciplina
551 3163 749 3224 tantummodo
765 3181 838 3238 quae
853 3167 1012 3238 pascebat?
1035 3168 1162 3224 testante
1177 3165 1240 3238 ipso
1256 3164 1377 3224 Domino
1392 3169 1422 3225 ot

282 3261 409 3322 dicente:
427 3279 525 3322 meus
543 3263 648 3323 cibus
663 3267 721 3325 est
736 3270 776 3326 ut
797 3267 930 3326 faciam
952 3267 1186 3328 uoluntatem
1201 3268 1280 3327 eius
1295 3267 1422 3342 quime

349 3499 415 3552 411
433 3499 502 3553 lim.
522 3499 548 3562 2,
565 3499 678 3554 24-26.
785 3501 820 3554 28
837 3502 877 3555 Io.
894 3504 921 3565 4,
938 3502 981 3556 34.

352 3713 367 3762 1
386 3709 549 3780 deputontur
566 3713 587 3763 2
604 3711 683 3767 codd.
702 3711 821 3767 Bcluaic'
953 3713 1072 3767 letiam
1090 3729 1141 3768 oca
1159 3730 1177 3767 o
1304 3714 1422 3782 apostoli

287 3795 471 3850 concionantis
493 3796 528 3851 0¹
633 3797 810 3867 tresistunt]
829 3798 943 3852 ueritati
962 3798 1062 3852 (κιών
1166 3798 1211 3852 iili
1234 3799 1257 3854 0
1355 3799 1423 3855 ade

287 3882 316 3946 0,
335 3896 379 3934 ao
482 3881 516 3934 13
528 3882 732 3950 anticipandam
748 3883 778 3946 0,
798 3884 1022 3953 amputandamo
1123 3884 1159 3937 14
1176 3883 1209 3937 de
1225 3885 1281 3940 Ga.
1294 3885 1312 3937 l.
1324 3888 1391 3938 ea2

284 3966 394 4021 feminis
412 3982 526 4035 quamv
649 3968 683 4022 17
701 3967 772 4036 quod
793 3969 818 4024 0
937 3970 970 4024 19
989 3967 1107 4024 accidere
1130 3969 1153 4025 0
1272 3969 1309 4024 20
1326 3969 1370 4024 'cni
1393 3971 1424 4037 0,

284 4053 365 4121 quic
440 4052 474 4106 22
492 4052 563 4119 quod
582 4053 693 4121 gerebat
711 4053 757 4108 sed
775 4054 872 4108 ceteris
888 4072 906 4109 o
974 4052 1047 4123 qnod
1064 4071 1099 4109 cc
1117 4070 1184 4124 quoa
1206 4054 1229 4110 0
1296 4056 1362 4108 sia
1380 4059 1424 4110 est

286 4140 315 4203 G,
334 4140 373 4194 sic
390 4139 524 4194 allocutus
541 4155 558 4193 c
626 4139 662 4193 24
679 4140 816 4194 martham
834 4156 968 4210 quamque
986 4143 1033 4208 (cx
1044 4156 1166 4210 quaeque
1176 4157 1212 4194 m.
1224 4144 1255 4208 2)
1271 4143 1299 4206 0,
1318 4156 1423 4210 quoqne

282 4240 344 4279 mo
413 4211 551 4280 audrild
621 4224 822 4282 ideiusom.0
890 4226 1138 4295 cibnsantpotnsc
1207 4226 1389 4291 ‘Mattiaco
