3720 4920
1414 373 1488 422 LXV

349 510 400 574 eet
415 506 460 596 (p.
475 504 619 596 268,19).
641 508 796 591 quantum
811 508 851 574 ad
865 507 1051 593 Hippolytei
1065 507 1190 574 canonis
1204 505 1375 574 artificium
1389 507 1488 593 expli·

349 621 483 686 candum
495 619 642 698 conferat,
653 619 704 685 uir
714 619 917 686 doctmsimus
928 619 1074 684 DcRcssi
1085 617 1255 702 (Inscript.
1265 617 1383 685 christ.
1394 619 1488 684 ncl.I

350 728 814 814 cameracorensem:
830 729 1018 811 Hippolytei
1030 730 1166 795 cononis
1180 728 1356 812 artificium
1371 748 1488 808 omnes,

350 840 474 921 minor,
493 840 603 905 stetim
617 840 856 919 inteltecissent,
883 840 1046 905 eitrhrum
1061 839 1227 922 quendum
1242 839 1489 922 cleposolcuti

350 954 525 1033 computo
541 948 706 1033 Oppriono
725 950 926 1032 adscriptum
946 949 998 1016 uel
1018 949 1132 1016 uniter
1151 949 1378 1026 odtmrdiseent.
1406 948 1488 1016 Com

347 1063 449 1145 fectus
457 1061 544 1127 mim
554 1065 599 1126 est
609 1081 698 1127 onno
707 1065 789 1141 243,
803 1063 864 1128 uia
877 1061 1000 1145 uiginti
1014 1062 1141 1128 circiter
1146 1066 1220 1143 post
1230 1061 1350 1128 mcum
1361 1061 1488 1144 Hippo-

349 1171 409 1254 lyti
428 1162 582 1237 cononem
602 1175 721 1254 annis;
740 1177 770 1238 ct
784 1172 929 1238 tutulum
949 1172 1088 1238 eontinet
1107 1171 1162 1236 illi
1175 1172 1241 1252 ipsi
1255 1172 1373 1238 cononi
1382 1191 1489 1254 poene

346 1282 521 1366 pessuma,
535 1301 616 1364 quae
630 1285 692 1346 toto
705 1301 740 1346 eo
754 1282 859 1348 libello
873 1282 1050 1348 luculenter
1062 1281 1243 1364 cepticotur
1253 1286 1283 1347 ct
1293 1283 1488 1349 dederetur.

350 1411 449 1474 quare
463 1411 578 1473 nequeo
591 1392 672 1458 sotis
684 1393 806 1458 mirari
819 1397 888 1458 tom
901 1393 1031 1476 inmpne
1044 1397 1293 1472 monumentum,
1315 1393 1397 1475 quod
1412 1392 1490 1458 tetri

349 1501 390 1568 oh
403 1502 578 1585 Hippolyto
596 1503 771 1586 conscripti
786 1503 946 1569 Murum
960 1523 1082 1587 magno
1096 1507 1176 1568 certe
1190 1522 1229 1568 eo
1236 1508 1333 1585 porte
1346 1522 1489 1585 compen·

347 1619 408 1693 sat,
423 1613 657 1696 olffippolutei
670 1613 750 1696 cycli
764 1615 990 1698 interpretetus
1004 1614 1162 1679 altienmo
1170 1615 1278 1695 prensi
1292 1615 1421 1680 silentio
1435 1614 1488 1679 ecel

344 1724 723 1809 potiusplcneipnorori
737 1725 859 1792 textum
872 1725 949 1791 libri
956 1725 997 1791 ad
1004 1725 1082 1791 duos
1093 1725 1223 1805 codices,
1235 1743 1367 1809 quorum
1377 1724 1488 1791 lectio·

348 1853 403 1900 nse
418 1835 585 1901 wallisius
599 1835 632 1899 in
646 1835 784 1901 editione
799 1835 896 1902 Onon.
918 1837 1062 1900 accurate
1082 1835 1232 1914 occinuit,
1254 1855 1352 1901 unum
1367 1835 1491 1902 scilicet

346 1943 440 2010 hodie
462 1944 660 2028 deperditum
681 1944 893 2011 bibliothecae
908 1943 939 2009 S.
955 1944 1094 2028 Remigii
1108 1944 1272 2010 Remensis
1292 1945 1370 2010 clim
1384 1944 1489 2010 mxxi

350 2056 506 2120 tumuere
520 2055 582 2120 133
592 2073 671 2120 saec.
683 2054 731 2119 IX
742 2054 803 2141 (b),
818 2055 907 2119 onius
918 2053 1133 2139 apographum
1140 2053 1292 2119 Mahilion
1305 2055 1487 2134 confecerat,

347 2165 484 2231 alterum
503 2163 711 2229 bibliothecae
726 2163 929 2231 cottonianae
949 2155 1018 2229 ‘sub
1040 2164 1134 2230 finem
1155 2163 1229 2230 noni
1244 2182 1264 2229 a
1278 2162 1402 2230 christo
1418 2183 1487 2230 sas-

348 2267 422 2341 ouli'
434 2277 595 2341 exaratum
607 2275 662 2359 (c),
673 2276 727 2358 qui
735 2275 871 2341 Lcndini
881 2274 975 2339 hodie
989 2276 1178 2350 asseruntur,
1189 2276 1365 2360 recognoui,
1375 2275 1488 2340 melic-

348 2404 415 2451 rem
437 2404 532 2467 quam
546 2385 709 2450 &nensis
730 2384 822 2450 offert
842 2384 1052 2463 recensionem
1071 2385 1272 2467 potissimum
1288 2387 1423 2452 secutus.
1451 2403 1488 2451 ex

348 2495 457 2561 ecdem
481 2494 592 2561 tabula
615 2494 751 2577 repetita
775 2496 834 2573 est,
861 2495 952 2559 cuius
977 2495 1145 2560 materiam
1170 2494 1330 2562 confusam
1351 2497 1384 2562 et
1404 2495 1488 2561 maie

348 2604 505 2690 digestam
518 2605 552 2671 in
567 2605 708 2671 ordinem
730 2606 873 2689 redigere
896 2623 958 2670 non
980 2624 1088 2671 mcum
1110 2624 1177 2671 asse
1198 2608 1319 2689 putaui.
1347 2609 1488 2673 osterum

347 2715 395 2781 De
415 2714 508 2781 Rosci
534 2735 604 2781 eam
629 2733 649 2781 a
674 2735 708 2782 ee
732 2715 917 2782 entitatem
942 2715 977 2780 in
1003 2716 1228 2782 commentario
1254 2717 1293 2782 ad
1319 2716 1489 2801 Hippolyti

348 2843 495 2891 mncnam
521 2826 707 2911 euulgatum
728 2826 770 2893 iri
791 2825 940 2911 promisit
962 2824 998 2911 (l.
1014 2844 1040 2890 e.
1056 2845 1087 2908 p.
1102 2825 1259 2912 LXXXI).
1288 2827 1489 2911 explicationi

348 2934 464 3001 seruiet
482 2935 577 3019 pinax
591 2955 611 3002 a
625 2936 775 3004 Wallicio
796 2939 838 3003 ad
859 2935 997 3002 auctoris
1011 2936 1149 3001 mentem
1165 2935 1324 3002 contectus
1339 2955 1433 3020 quem
1448 2938 1488 3001 ed

348 3046 464 3111 calcem
483 3045 588 3111 libelli
607 3046 717 3111 adieci.
740 3082 783 3095 -
797 3045 874 3111 XVI
889 3049 1125 3127 Epistulae.
1148 3047 1328 3130 epistolium
1348 3048 1489 3131 primum

348 3155 463 3220 Donati
485 3154 526 3220 ad
540 3153 732 3239 cyprianum
746 3156 911 3222 Pamelius
930 3176 967 3222 ex
982 3156 1088 3223 codice
1103 3155 1323 3223 cimbrcnensi
1343 3157 1488 3240 protulit,

347 3266 429 3330 mihi
449 3267 570 3331 codices
584 3264 648 3345 mQ
667 3268 916 3350 suppeditarunt.
945 3269 1079 3332 alteram
1100 3267 1270 3349 epistulam
1291 3267 1427 3333 Cornelii
1447 3268 1487 3331 ad

348 3373 538 3461 cyprianum
560 3377 683 3442 nonnisi
704 3377 738 3442 in
758 3397 821 3444 uno
836 3378 983 3445 lheccnci
996 3378 1062 3443 412
1077 3377 1128 3462 (β)
1142 3376 1259 3454 inueni,
1281 3377 1434 3442 Balunius
1453 3377 1487 3441 in

348 3486 485 3565 duobus3
506 3488 540 3553 in
554 3489 642 3553 nullc
662 3506 737 3553 nera
756 3490 959 3571 inscriptione
979 3490 1135 3555 mehucta
1156 3488 1212 3553 est.
1238 3508 1313 3553 nam
1328 3488 1404 3571 quin
1419 3487 1487 3552 eius

348 3600 458 3664 anaim
478 3597 655 3681 deperditas
670 3596 822 3679 Stephani
843 3618 941 3681 papae
961 3599 1095 3677 litteras,
1119 3599 1151 3663 in
1167 3598 1282 3681 quibus
1296 3597 1488 3681 cyprianum

346 3707 617 3790 pseudochristum
632 3709 665 3773 st
674 3709 971 3791 pseudoapostolum
984 3712 1016 3775 et
1027 3709 1170 3774 dolosum
1186 3708 1362 3790 operarium
1377 3705 1487 3790 appel-

345 3818 471 3886 lauerat
484 3819 538 3902 (cf.
554 3819 644 3903 epist.
662 3820 704 3886 lc
718 3839 749 3901 p.
766 3819 888 3905 82l‚5),
909 3820 1074 3886 relicturus
1094 3818 1192 3884 fuerit
1212 3817 1351 3883 dubitari
1366 3817 1486 3899 nequit.

348 3929 517 4014 epistulam
539 3930 669 3996 tertiam
684 3930 724 3996 ad
739 3931 879 3997 codicem
893 3932 1067 3997 Furensem
1083 3929 1135 4016 (Z)
1149 3931 1231 3995 unde
1252 3948 1321 3994 eam
1335 3928 1488 3994 Baluaius

348 4041 541 4125 deprompsit
555 4040 731 4107 accuratius
746 4042 846 4126 exegi.
862 4042 902 4108 ad
914 4044 1060 4124 quartam
1074 4040 1395 4125 praeterBaluuiancs
1410 4039 1489 4103 duos

348 4151 524 4219 emonem
546 4151 596 4240 (Z)
619 4153 651 4217 et
664 4151 850 4218 Remmsem
874 4151 918 4237 (r)
939 4152 1053 4218 tertius
1073 4151 1268 4218 Monacensis
1290 4147 1342 4236 (μ)
1365 4150 1489 4234 praesto

347 4261 419 4328 fuit
442 4279 550 4351 eorum
569 4261 743 4345 propinqua
765 4262 911 4348 cognatio
927 4262 961 4328 et
973 4261 1126 4327 Iluxensis
1140 4261 1274 4346 insignis
1289 4259 1490 4344 interpolatio

454 4383 506 4431 111.
1269 4383 1285 4429 e
