3720 4920
601 363 646 416 De
663 351 915 431 rebaptismate
938 380 961 417 c.
981 365 1090 418 15-16.
1370 368 1426 434 89·

275 521 411 597 indignos
433 537 544 596 quoque
567 519 611 578 sui
632 536 845 594 nonnumquam
867 519 1032 580 inueniatur
1046 536 1121 592 esse,
1136 537 1193 581 non
1209 520 1308 594 utique
1323 521 1414 582 otiose

275 639 329 684 neo
350 623 412 682 sine
434 625 555 695 ratione,
582 625 633 681 sed
655 623 835 682 necessariae
857 622 981 682 alicuius
1001 624 1176 696 operationis
1191 624 1301 697 gratia:
1328 623 1414 682 sicuti

275 741 363 799 super
378 726 446 784 Saul
468 726 540 796 fuit,
567 741 652 797 super
667 741 751 798 quem
767 724 862 784 tactus
877 727 923 784 est
937 723 1059 798 spiritus
1083 724 1138 783 Dei
1169 728 1199 784 et
1218 724 1411 799 prophetauit,

275 842 447 900 quamquam
470 827 627 899 posteriore
647 828 775 899 tempore
795 828 947 899 postquam
969 828 1088 886 recessit
1108 828 1145 895 ab
1165 844 1198 886 oo
1219 827 1338 900 spiritus
1351 827 1412 887 Do·

253 927 346 988 amini
361 932 391 988 et
405 931 558 1002 postquam
573 928 698 1001 augebat
713 945 779 987 oum
794 927 915 1002 spiritus
936 928 1081 1003 malignus
1096 946 1114 988 a
1128 929 1257 1001 Domino,
1279 929 1413 1003 quoniam

273 1032 344 1090 tuuc
363 1032 400 1090 ad
421 1033 476 1091 boc
496 1035 658 1106 postremus
682 1035 800 1090 uenerat
815 1034 882 1104 post
896 1031 1015 1090 nuntios
1029 1048 1101 1106 quos
1115 1034 1184 1090 ante
1198 1031 1313 1091 assidm
1327 1048 1412 1106 prac-

273 1133 395 1193 misarst
415 1136 449 1192 ut
469 1133 643 1193 interficeret
663 1133 772 1204 Dauid,
800 1135 850 1206 qui
871 1133 977 1193 idcirco
992 1134 1153 1194 inciderunt
1168 1136 1198 1192 in
1214 1135 1330 1194 chomm
1344 1151 1414 1208 pro-

272 1235 426 1309 pbetamm
447 1238 476 1294 et
496 1237 750 1309 propbetauomnt,
773 1253 809 1293 ue
830 1235 860 1294 id
881 1236 958 1309 quod
978 1235 1051 1295 iussi
1066 1236 1180 1295 fueraut
1194 1235 1329 1310 perticere
1343 1253 1412 1310 pos·

272 1339 341 1396 sont
354 1340 405 1395 aut
420 1338 538 1397 uellent.
555 1337 630 1410 qued
646 1337 809 1396 admirabili
824 1339 935 1397 ratione
951 1354 1003 1411 per
1018 1337 1193 1398 uoluntatem
1209 1337 1262 1396 Dei
1277 1338 1411 1411 spiritum

238 1438 324 1513 uoqui
339 1454 425 1513 super
440 1437 508 1498 illos
533 1454 632 1497 omnes
647 1438 704 1497 luit
728 1438 872 1497 crodimus
887 1442 1037 1513 operatum
1058 1456 1129 1499 esse.
1158 1439 1207 1513 qui
1221 1439 1340 1513 spiritus
1355 1439 1411 1499 irn-

271 1540 365 1614 plouit
391 1542 478 1600 etiarn
498 1542 634 1600 Ioannem
659 1539 818 1615 baptistam
839 1542 933 1601 adhuc
953 1541 990 1599 ab
1004 1544 1086 1600 utero
1101 1541 1203 1601 matris
1217 1558 1295 1616 suae,
1321 1543 1352 1602 et
1365 1543 1413 1601 in-

272 1643 372 1702 oubuit
387 1659 473 1716 super
487 1660 536 1702 eos
551 1642 680 1715 quicum
692 1641 822 1701 cornelio
838 1643 1004 1702 centurione
1019 1648 1102 1702 eraut
1116 1644 1198 1716 prius
1213 1661 1298 1717 quarn
1313 1645 1411 1717 bapti·

271 1747 406 1803 uarentur
431 1762 515 1818 aqua.
542 1745 585 1803 ita
611 1745 677 1803 dum
704 1745 838 1803 cohaeret
857 1743 1026 1818 baptismati
1048 1744 1194 1805 bominum
1220 1745 1340 1819 spiritus
1361 1749 1413 1805 aut

273 1846 420 1904 antecedit
434 1849 486 1905 aut
510 1846 641 1918 sequitur
663 1845 710 1904 uol
725 1849 857 1905 cessante
877 1846 1052 1920 baptismate
1067 1863 1158 1919 equae
1173 1846 1312 1906 incumbit
1326 1864 1413 1921 super

237 1961 262 2001 re
272 1963 321 2006 eos
336 1948 387 2020 qui
401 1947 529 2019 creduut,
545 1949 595 2005 dat
610 1946 694 2006 nobis
710 1947 861 2006 consilium
877 1948 954 2020 quod
968 1949 1019 2006 aut
1031 1966 1065 2007 ox
1079 1949 1192 2022 integro
1203 1948 1258 2007 rite
1269 1949 1414 2023 baptisma

271 2064 387 2108 seruare
402 2050 453 2106 aot
467 2048 543 2107 forte
558 2049 625 2107 dato
641 2064 659 2106 a
673 2064 852 2122 quocumque
867 2050 897 2106 in
913 2049 1027 2107 nominc
1039 2050 1105 2108 Iesu
1117 2048 1223 2108 christi
1239 2051 1413 2122 baptismate

272 2151 407 2224 supplere
434 2151 464 2209 id
491 2151 655 2229 debeamus,
682 2152 827 2209 custodita
852 2151 977 2211 nominis
1003 2151 1068 2211 Iesu
1094 2151 1212 2221 Christi,
1239 2153 1324 2211 sicuti
1349 2154 1412 2226 ple-

271 2252 392 2311 nissime
407 2252 599 2324 exposuimus,
616 2252 801 2311 sanctissima
812 2251 1003 2324 inuocatione,
1019 2254 1163 2313 custodita
1175 2257 1323 2327 praeterea
1337 2256 1413 2314 tanti

271 2353 410 2427 temporis
432 2355 477 2412 tot
492 2353 618 2412 uiromm
633 2355 798 2412 ueneranda
813 2354 896 2412 nobis
912 2355 1119 2414 consuetudine
1134 2357 1163 2413 et
1177 2357 1356 2416 auotoritste.

236 2468 263 2512 ao
316 2454 455 2524 Quoniam
482 2457 576 2514 autem
597 2454 691 2528 prima
710 2471 778 2528 pare
800 2454 1006 2529 disputationis
1029 2457 1115 2516 huius
1129 2457 1244 2516 uidetur
1259 2457 1410 2531 explicata,
1422 2462 1463 2521 16

271 2557 358 2616 ctiam
385 2558 552 2629 sequentem
578 2555 639 2615 eius
664 2557 783 2627 propter
808 2556 970 2616 haereticos
995 2557 1132 2616 debemus
1158 2558 1316 2632 attingere,
1343 2561 1413 2633 quia

214 2651 216 2655 ’
270 2674 409 2733 perquam
435 2656 629 2717 necessarium
649 2658 779 2715 osteum
804 2660 960 2717 tractatum
981 2658 1030 2733 qui
1046 2659 1135 2719 semel
1149 2660 1179 2718 in
1195 2677 1294 2719 manos
1310 2660 1412 2720 incidit

271 2776 328 2819 uon
349 2760 515 2832 praeterire,
541 2775 578 2817 ue
593 2758 668 2817 torte
683 2775 732 2817 eos
747 2758 797 2831 qui
813 2762 882 2817 sunt
896 2758 1088 2832 simpliciores
1103 2778 1136 2821 ex
1152 2761 1291 2821 tratribus
1306 2762 1412 2837 uliquis

270 2859 478 2918 haereticorum
505 2859 634 2919 uersutia
654 2876 708 2917 sua
732 2861 838 2918 audeat
858 2862 1013 2920 attentare.
1037 2879 1103 2919 nam
1118 2861 1187 2935 quis
1200 2862 1322 2922 Ioannes
1338 2864 1412 2923 dixit

235 2981 260 3023 rs
269 2978 323 3020 nos
338 2961 526 3035 baptizandos
541 2976 604 3019 esse
619 2961 650 3018 in
665 2961 769 3032 spiritu
785 2964 884 3021 sancto
895 2965 925 3021 et
940 2963 1011 3036 igni,
1027 2979 1060 3022 oo
1071 2965 1147 3037 qnod
1158 2964 1302 3024 addiderit
1314 2966 1412 3026 dicens

271 3067 306 3122 et
331 3063 420 3135 igni,
448 3061 553 3120 idcirco
581 3061 697 3134 quidam
724 3062 868 3135 desperati
890 3063 1020 3122 homines
1041 3064 1104 3123 nusi
1125 3068 1194 3123 sunt
1208 3081 1412 3141 usquequaque

270 3164 445 3238 prauitatem
471 3179 553 3222 suam
573 3161 719 3236 porrigere
748 3166 777 3222 at
797 3168 950 3237 propterea
971 3165 1100 3225 homiues
1123 3166 1302 3226 nasutissimi
1323 3185 1411 3241 quae·

270 3267 339 3325 runt
354 3265 492 3339 quomodo
507 3263 671 3324 sanctitatis
687 3265 833 3339 baptisma
847 3266 890 3326 ite
904 3260 1089 3341 corr'umpant
1104 3285 1138 3327 ac
1152 3269 1262 3328 uioleut
1277 3273 1309 3329 ut
1324 3271 1412 3330 etiam

269 3370 424 3428 euacusnt:
441 3366 490 3440 qui
506 3367 645 3440 originem
660 3368 716 3425 iam
732 3368 833 3427 exinde
848 3371 971 3428 trahunt
985 3386 1004 3427 a
1017 3369 1129 3429 Simone
1145 3387 1227 3445 mago
1242 3372 1412 3431 multiformi

234 3469 461 3543 „peruersitate
477 3467 639 3541 porcarios
655 3485 766 3529 errores
784 3488 847 3529 eam
862 3474 1039 3530 exercentes,
1070 3471 1116 3530 cui
1132 3472 1240 3532 Simoni
1256 3473 1361 3533 Potrue
1381 3474 1410 3533 in

269 3568 344 3630 actis
377 3570 572 3642 apostolorum
603 3569 695 3628 dixit:
734 3572 894 3644 pecunia
930 3575 994 3632 tua
1026 3576 1143 3632 tecum
1178 3575 1231 3632 sit
1263 3576 1299 3633 in
1333 3592 1411 3649 per·

254 3670 469 3742 ditionem,
501 3670 587 3744 quia
617 3671 777 3746 gratiam
801 3672 867 3732 Doi
889 3673 1119 3735 existimasti
1150 3692 1213 3749 per
1234 3678 1411 3749 pecunias

270 3791 379 3848 posse
402 3775 599 3847 possideri.
629 3793 699 3835 nou
721 3779 778 3834 est
800 3777 873 3835 tibi
895 3778 1018 3850 portio
1040 3796 1155 3852 neque
1179 3796 1258 3838 sors
1280 3781 1315 3839 in
1338 3798 1413 3840 sor-

270 3893 371 3937 mone
402 3877 476 3936 boc.
512 3893 572 3937 cor
601 3877 695 3937 enim
726 3880 826 3937 tuum
857 3896 925 3938 non
948 3882 1007 3940 est
1029 3882 1167 3939 rectum
1190 3898 1307 3941 coram
1329 3881 1411 3942 Deo.

235 4003 261 4044 aa
271 3982 301 4038 at
322 3981 414 4052 agunt
436 3977 486 4037 isti
501 3982 573 4039 haec
588 3980 684 4039 omnia
707 3981 774 4039 dum
790 3981 892 4040 fallere
907 3982 1029 4057 cupiunt
1043 3998 1091 4042 eos
1107 3984 1156 4056 qui
1172 3987 1240 4042 sont
1254 3984 1412 4059 simplicio-

340 4119 358 4171 3
376 4118 390 4171 1
409 4118 475 4188 seg.
496 4119 536 4182 rs,
554 4119 597 4173 ee.
700 4120 733 4173 31
754 4122 814 4175 aee.
832 4120 858 4185 a,
873 4121 916 4174 20.
934 4123 977 4175 er.

339 4255 357 4307 4
375 4255 548 4324 quamquam]
567 4254 694 4322 quonism
711 4255 779 4321 fort.
863 4256 1048 4326 tadomiuo]
1067 4258 1137 4312 edm.
1156 4259 1214 4314 eod.
1299 4262 1331 4315 10
1349 4262 1413 4316 illos

270 4355 321 4394 orrr.
340 4340 401 4411 Rip.
474 4341 506 4395 16
524 4341 665 4397 obseruare
682 4341 745 4413 Rip.
815 4342 850 4396 27
868 4342 1050 4398 uersutissimi
1069 4342 1240 4401 emistus·
