3720 4920
412 369 455 433 82
581 348 583 352 ’
891 366 1077 437 Appendlx.

412 523 580 599 mysterium
606 524 673 585 ddei
699 523 901 585 intemeratum
930 525 1044 599 possint
1066 525 1202 600 aeoipere.
1233 525 1393 597 sedenim,
1425 525 1550 586 uirorum

411 625 528 700 optime,
554 627 706 686 reddamus
730 629 760 686 et
782 627 985 701 permittamus
1005 628 1164 686 uirtutibus
1185 627 1359 686 eaedentibus
1380 626 1458 686 uires
1472 644 1549 700 suu,

410 730 440 788 et
467 728 629 803 dignationi
654 729 769 790 muinae
793 729 955 790 maiestatis
983 729 1172 790 oonoedamus
1201 729 1380 803 operationes
1406 729 1549 803 proprias,

410 832 440 890 et
454 830 656 904 intellegentes
671 833 808 904 quantum
823 832 854 890 in
870 833 960 890 assit
987 831 1209 892 emolumentum
1234 831 1359 890 libenter
1384 832 1411 890 ei
1427 831 1548 905 adquie-

410 949 532 993 stamus.
555 935 586 990 et
608 931 757 992 ideonum
778 931 857 992 salus
879 935 978 992 nostra
1000 933 1032 991 in
1052 933 1226 1006 baptismate
1242 932 1371 1006 spiritns,
1395 933 1471 1007 quod
1485 933 1572 1007 ple-s

409 1051 529 1108 rumque
540 1051 605 1094 unm
615 1033 790 1108 baptismate
801 1050 893 1108 aquae
908 1035 1092 1094 ooniunetum
1103 1037 1158 1106 est,
1173 1034 1214 1094 sit
1224 1035 1390 1105 constituta,
1406 1033 1548 1108 siqnidem

409 1152 460 1211 per
474 1152 526 1196 nes
541 1135 686 1209 baptisma
707 1137 847 1208 tradetur,
875 1136 988 1211 integro
1011 1139 1041 1196 et
1060 1136 1238 1197 sollemniter
1254 1138 1350 1210 etper
1365 1134 1549 1209 omnisonae

407 1238 516 1311 scripta
530 1241 598 1297 sunt
612 1237 781 1311 adsignetur
794 1240 883 1311 atque
898 1238 963 1298 sine
977 1238 1039 1298 ulla
1050 1239 1140 1298 ullius
1151 1237 1193 1298 rei
1205 1237 1384 1311 separatione
1394 1237 1547 1297 tradatur:

407 1342 459 1398 aut
472 1339 499 1398 si
512 1354 531 1396 a
545 1338 654 1399 minere
676 1339 753 1398 olero
778 1355 829 1413 per
849 1339 1053 1399 nenessitatem
1074 1339 1214 1398 traditum
1230 1338 1328 1410 inerit,
1345 1341 1480 1398 euentum
1495 1352 1546 1397 ex·

408 1442 569 1513 speotemus
598 1443 632 1499 ut
660 1442 711 1499 ant
739 1440 907 1515 suppleatur
936 1459 954 1500 a
979 1441 1063 1500 nobis
1087 1443 1139 1500 ant
1159 1440 1195 1516 [a]
1210 1439 1329 1499 Domino
1355 1439 1586 1513 supplendnmro

407 1543 586 1601 reseruntur:
609 1541 635 1601 si
649 1557 718 1602 nero
732 1543 770 1601 ab
784 1542 889 1601 alienis
906 1541 1047 1602 traditum
1062 1543 1159 1615 fuerit,
1174 1543 1208 1601 ut
1222 1544 1317 1614 potest
1329 1541 1383 1600 boo
1397 1541 1545 1615 negotium

407 1644 436 1701 et
449 1644 484 1700 nt
498 1642 627 1702 admittit
647 1644 817 1718 corrigatur,
842 1644 911 1719 qnia
934 1645 1056 1718 spiritns
1078 1645 1197 1704 sanetus
1218 1646 1300 1703 extra
1321 1643 1472 1702 ecelesiam
1486 1657 1545 1702 non

406 1744 455 1816 sit,
481 1743 553 1803 fides
579 1760 690 1817 quoqne
711 1761 768 1803 non
790 1746 883 1804 solnm
908 1747 986 1820 apud
1000 1746 1170 1817 haereticos,
1185 1762 1285 1804 nerum
1300 1745 1388 1803 etiam
1402 1745 1479 1818 apud
1493 1760 1543 1804 eos

406 1842 455 1919 qui
481 1846 511 1903 in
537 1846 692 1905 schismate
719 1847 870 1906 constituti
896 1851 964 1906 sunt
989 1864 1061 1906 sans
1086 1863 1232 1906 essenon
1256 1847 1357 1918 possit,
1381 1846 1543 1919 ideirooqne

405 1947 610 2021 paenitentiam
637 1949 790 2022 agentibus
816 1949 1007 2024 eoneetisque
1028 1968 1080 2025 per
1099 1950 1259 2011 doctrinam
1284 1949 1419 2008 uerimtie
1440 1951 1470 2009 et
1490 1964 1579 2022 perna

404 2049 490 2109 fldem
516 2049 652 2123 ipsorum,
679 2068 751 2124 quae
778 2052 879 2124 postea
904 2053 1055 2111 emendata
1078 2055 1123 2111 est
1148 2051 1297 2125 pnrifloato
1323 2050 1407 2110 eorde
1433 2065 1541 2121 eornm,

404 2152 601 2210 tantummodo
623 2150 797 2225 baptismate
818 2152 943 2225 spiritali
967 2152 1063 2213 idest
1085 2170 1187 2212 manns
1210 2151 1391 2226 impositione
1414 2150 1541 2225 episcopi

405 2254 435 2310 et
449 2252 571 2325 spiritus
592 2252 687 2311 saneti
711 2253 975 2312 subministratione
996 2254 1145 2313 subueniri
1160 2255 1272 2313 debeat.
1295 2255 1410 2326 signum
1425 2267 1539 2326 quoque

403 2351 471 2413 fidei
491 2352 637 2426 integrum
659 2354 712 2413 hoo
732 2354 813 2413 modo
829 2357 859 2413 et
873 2355 928 2412 bae
952 2355 1064 2413 ratione
1079 2354 1155 2414 tradi
1170 2354 1201 2413 in
1215 2355 1336 2414 eoelesia
1349 2354 1453 2413 merito
1467 2370 1538 2414 oon·

404 2454 510 2526 sueuit,
530 2471 566 2513 ne
587 2453 729 2514 inuooatio
749 2455 873 2514 nominis
887 2457 954 2515 Iesu
969 2473 1042 2529 quae
1057 2456 1165 2515 aboleri
1179 2472 1236 2515 non
1250 2458 1348 2530 potest
1362 2454 1537 2529 contemptui
1547 2474 1575 2515 ao

404 2571 422 2612 a
442 2554 526 2613 nobis
548 2554 680 2614 uideatur
699 2555 810 2627 babila,
834 2557 909 2629 quod
929 2557 1030 2630 ntique
1050 2574 1106 2616 non
1128 2558 1250 2629 oportet,
1277 2573 1448 2630 quamquam
1468 2554 1538 2615 talis

401 2653 560 2728 inuooatio‚
590 2654 616 2714 si
642 2655 715 2714 nihil
741 2672 838 2715 eorum
865 2672 938 2728 quae
963 2656 1183 2716 memorauimus
1209 2659 1338 2715 seontum
1368 2655 1473 2728 fuerit,
1500 2657 1538 2715 ab

401 2755 565 2828 operatione
589 2755 692 2816 salutis
714 2760 810 2817 cesset
832 2774 866 2818 ae
886 2760 981 2818 naret.
1005 2757 1117 2817 dicente
1132 2757 1208 2817 enim
1223 2757 1354 2837 apostolo
1369 2775 1457 2817 unum
1472 2773 1538 2818 esse

399 2857 553 2932 baptisma,
579 2874 696 2919 neeesse
720 2862 766 2919 est
791 2858 970 2919 innotatione
995 2860 1119 2920 nominis
1139 2860 1206 2919 Iesu
1227 2863 1442 2934 perseuerante,
1468 2859 1538 2933 quia

400 2976 456 3020 nen
477 2962 572 3035 potest
586 2977 605 3019 a
618 2977 761 3035 quoquam
784 2961 930 3020 hominum
952 2978 1025 3035 quae
1046 2962 1136 3021 semel
1156 2962 1292 3022 inuooata
1311 2959 1490 3034 sabaniani,
1508 2961 1572 3022 sia

399 3076 462 3122 eam
485 3064 584 3122 eontra
604 3062 750 3122 demotum
769 3060 962 3135 apostolorum
985 3063 1131 3137 geminare
1154 3063 1217 3123 ansi
1231 3063 1370 3123 fuerimus
1384 3062 1535 3123 nimietate

398 3164 566 3237 praestandi
591 3164 677 3223 immo
703 3164 912 3238 superaddendi
938 3166 1124 3239 baptismatis
1150 3165 1262 3225 studio:
1289 3165 1315 3225 si
1341 3165 1392 3225 ille
1421 3164 1470 3240 qui
1496 3166 1535 3226 ad

398 3266 549 3326 eeclesiam
573 3267 732 3327 reuertitur
757 3268 830 3326 nolit
856 3268 950 3329 denno
975 3267 1128 3343 baptizari,
1154 3269 1283 3327 futurum
1303 3270 1349 3329 est
1369 3272 1403 3328 ut
1416 3268 1532 3329 densu-

398 3367 498 3428 domus
522 3368 697 3443 baptismate
723 3368 849 3443 spiritali
875 3387 940 3430 enm
968 3387 1053 3445 quem
1078 3373 1213 3446 putamus
1235 3362 1462 3431 defraudandum
1476 3388 1534 3431 non

398 3485 462 3530 esse
475 3469 649 3544 baptismate
664 3488 764 3545 aquae.
1542 3492 1570 3535 ao

346 3572 385 3633 11
440 3571 514 3642 Quid
535 3575 631 3633 autem
651 3575 761 3633 statues
781 3573 812 3632 in
833 3589 986 3647 personam
1007 3574 1070 3634 eius
1089 3574 1208 3634 uerbum
1233 3573 1377 3634 audientis
1392 3575 1442 3649 qui
1457 3574 1532 3636 forte

397 3674 593 3748 adprehensus
612 3674 643 3733 in
663 3674 777 3734 nomine
800 3674 909 3735 Christi
924 3676 1026 3735 statim
1040 3676 1187 3736 confessus
1202 3693 1237 3736 ao
1252 3676 1420 3751 priusquam
1434 3677 1532 3751 bapti·

397 3775 457 3835 sari
482 3793 557 3850 aqua
581 3777 795 3851 permitteretur
811 3777 838 3836 ei
858 3777 948 3837 luerit
972 3779 1101 3851 punitus,
1126 3781 1224 3838 utrum
1248 3779 1359 3852 perisse
1384 3797 1448 3839 enm
1463 3795 1531 3853 pro·

396 3877 544 3938 nuntiabis
563 3877 632 3952 quia
651 3896 708 3939 non
727 3883 773 3939 est
793 3897 868 3954 aqua
887 3878 1062 3953 baptisatus,
1088 3899 1126 3940 an
1145 3897 1213 3941 nero
1228 3879 1338 3954 aliquid
1354 3880 1532 3941 extrinsecus

466 4079 482 4132 1
500 4079 624 4133 uiuorum
641 4079 708 4144 eod,
727 4095 776 4134 een.
795 4080 936 4138 Botaeiae
1013 4082 1032 4136 4
1049 4082 1086 4152 et}
1105 4084 1137 4135 ut
1154 4081 1215 4152 Rip.
1296 4080 1412 4136 libentes
1429 4080 1494 4149 Rip.

396 4162 431 4216 10
448 4178 465 4217 a
481 4163 584 4219 behem
653 4165 687 4219 18
704 4165 784 4220 debet
799 4166 867 4232 fort.
941 4167 976 4222 22
994 4168 1124 4237 aeonium]
1144 4169 1280 4222 seruatum
1299 4165 1360 4238 Rip.
1430 4166 1466 4220 26
1483 4168 1532 4219 aut

396 4247 497 4307 deod.
568 4249 601 4304 27
619 4249 741 4306 studiosi.
760 4251 791 4305 Si
807 4251 870 4323 Rip.
940 4253 975 4307 28
991 4251 1081 4306 noluit
1097 4251 1162 4323 Rip.
