3720 4920
375 329 437 394 164
846 324 1032 393 Appendia

372 500 486 556 neque
515 481 640 542 audiet
667 481 806 557 aliquis
835 478 870 541 in
893 482 1033 557 plateis
1065 500 1190 544 uocem
1218 481 1305 542 eius.
1329 499 1394 544 ecce
1417 482 1501 543 cbri-

373 590 437 645 stus
451 603 508 645 nun
523 585 669 645 contendit
684 600 774 657 neque
789 584 942 643 clamauit:
966 589 996 643 et
1015 588 1048 644 tu
1068 587 1093 644 si
1115 603 1226 644 morum
1240 585 1349 644 Christi
1364 586 1500 644 similitu·

373 689 468 748 dinem
484 688 606 748 retinere
621 687 711 761 cupis,
733 705 767 746 ns
783 688 948 761 contendas,
970 707 1006 748 ne
1027 688 1165 748 abusiuus
1180 689 1210 746 in
1224 689 1346 748 ecclesie
1359 688 1501 748 Christia-

373 809 427 850 nus
443 791 557 850 existas.
574 792 634 849 suis
656 791 730 849 enim
750 791 942 849 sectatoribus
957 790 1089 850 Christus
1113 791 1274 864 praecepit:
1298 790 1417 849 nolito
1439 808 1499 851 uo·

372 892 452 951 cari
474 890 608 952 Rabbi:
645 908 736 949 unus
768 895 826 950 est
856 892 952 952 enirn
986 894 1168 964 magister
1190 896 1336 963 uester,
1359 891 1421 965 qui
1442 895 1522 956 ests

374 994 562 1054 Christus:
579 995 614 1051 et
636 994 773 1067 patrem
794 992 918 1052 nolite
941 1010 1079 1054 uocare
1102 996 1385 1068 superterram:
1409 1010 1503 1054 unus

373 1101 430 1158 est
452 1098 546 1157 eninr
577 1098 829 1170 paternoster
861 1097 922 1169 qui
955 1097 992 1154 in
1015 1097 1134 1157 caelis
1156 1100 1222 1157 est.
1257 1114 1377 1156 omnes
1405 1097 1502 1157 eninr

374 1218 436 1260 uos
458 1202 598 1261 fratres
621 1200 722 1259 estis.
762 1199 870 1273 quibus
902 1200 939 1258 ad
967 1199 1185 1273 supplicandum
1218 1198 1368 1272 imperauit
1390 1200 1500 1259 dicere:

373 1306 625 1376 paternoster
641 1302 751 1376 quiin
767 1301 886 1360 caelis
909 1318 946 1359 es
969 1299 1376 1360 sanctificeturnonren
1392 1306 1499 1359 tuum.

374 1404 484 1464 frustra
498 1421 566 1478 ergo
579 1408 690 1478 patrem
705 1402 851 1489 sostendit
866 1403 896 1460 in
911 1405 991 1461 terra
1006 1403 1054 1476 qui
1069 1405 1180 1476 patrem
1195 1404 1225 1461 et
1239 1401 1363 1475 patriam
1383 1401 1502 1475 prolite·
1512 1426 1539 1465 ro

373 1512 422 1566 tur
437 1508 544 1566 habero
559 1524 589 1565 se
604 1507 635 1564 in
650 1507 745 1565 caelo:
775 1505 856 1563 cuius
877 1523 1027 1577 possessor
1047 1523 1130 1565 nomo
1151 1506 1290 1577 officitur,
1320 1506 1376 1563 nisi
1398 1506 1447 1578 qui
1469 1505 1504 1564 de

373 1613 505 1669 terrenae
519 1608 629 1680 patriae
644 1606 825 1666 contentione
841 1623 958 1665 securus
972 1608 1108 1665 habetur.

744 1792 898 1850 PAVPER
927 1792 1130 1852 SVPERBVS.

345 1962 365 2018 8
417 1947 544 2006 Octauus
558 1946 704 2004 abusionis
726 1947 833 2016 gradus
854 1946 900 2003 esi
920 1962 1029 2018 pauper
1045 1946 1201 2017 superbus,
1224 1945 1273 2017 qui
1300 1944 1372 2002 nihil
1394 1945 1504 2003 babens

373 2050 404 2108 in
420 2048 583 2122 superbiam
597 2047 759 2116 extollitur,
775 2063 839 2104 cum
855 2063 870 2105 e
884 2047 1028 2105 contrario
1043 2046 1183 2104 diuitibus
1195 2045 1302 2104 saeculi
1313 2063 1368 2103 non
1380 2046 1502 2118 superbe
1514 2067 1538 2105 rs

375 2167 477 2224 sapere
492 2166 543 2222 per
557 2148 716 2220 apostolum
731 2147 896 2219 imperetur.
912 2148 982 2220 quid
997 2164 1065 2220 ergo
1082 2148 1216 2205 stolidius
1231 2146 1292 2204 lieri
1306 2150 1403 2219 potest
1417 2164 1502 2219 quam

374 2253 456 2311 illurn
482 2249 531 2325 qui
546 2267 597 2322 per
612 2248 736 2307 infimam
752 2249 897 2307 miseriam
924 2250 1005 2308 uelut
1030 2250 1059 2306 in
1088 2252 1192 2306 terram
1214 2248 1341 2307 abiectus
1357 2253 1502 2308 extremus

374 2356 404 2413 et
418 2353 536 2411 humilis
551 2352 679 2409 incedere
694 2352 724 2407 ot
738 2350 904 2408 contristari
928 2351 1066 2409 debuerat
1081 2349 1269 2422 supercilioso
1291 2352 1440 2422 superbiae
1454 2353 1502 2408 tu·

374 2471 451 2513 more
467 2453 596 2510 inflatam
611 2453 737 2509 mentem
759 2454 859 2509 contra
874 2452 965 2510 Deum
981 2451 1115 2524 erigere?
1139 2468 1190 2524 per
1211 2453 1284 2524 quod
1307 2451 1407 2509 uitium
1428 2452 1502 2524 lapsi

374 2554 542 2615 corruerunt
563 2553 613 2626 qui
635 2568 743 2610 summo
771 2553 842 2610 caeli
869 2551 978 2610 conditi
1004 2555 1087 2610 crant
1113 2552 1245 2609 culmine.
1263 2553 1330 2626 quid
1355 2569 1423 2625 ergo
1438 2553 1539 2617 uultis

374 2657 457 2732 quasi
472 2660 574 2730 potens
589 2656 619 2713 in
631 2660 708 2715 terra
722 2656 881 2729 superbire,
897 2655 947 2729 qui
961 2673 1031 2728 prae
1046 2657 1177 2714 omnibus
1191 2655 1352 2715 hominibus
1368 2657 1504 2716 debuerat

373 2758 492 2818 humilis
508 2754 665 2830 apparere?
689 2757 739 2814 sod
754 2774 789 2816 ne
806 2758 839 2815 de
855 2760 1025 2830 paupertate
1040 2775 1093 2815 sua
1109 2757 1257 2815 tristitiam
1272 2758 1412 2827 habeant,
1435 2757 1503 2830 quid

374 2877 390 2919 a
421 2859 480 2918 Deo
509 2857 652 2933 accepturi
684 2861 751 2917 sunt
785 2875 926 2932 pauperes
953 2858 1125 2917 adtendant:
1165 2859 1226 2930 ipse
1258 2859 1363 2917 etenim
1393 2857 1502 2930 inquit:

441 3109 680 3172 suanenses.
699 3110 723 3162 9.
827 3109 843 3160 9
863 3108 963 3162 Matth.
982 3108 1008 3171 6,
1026 3109 1050 3162 9.

443 3352 602 3419 lplateae
687 3352 807 3419 ducque
825 3352 956 3405 clamauit
973 3366 1024 3404 om.
1043 3351 1074 3404 X
1165 3351 1325 3405 3tenereo
1410 3367 1496 3405 ne...

371 3437 471 3491 existas
489 3454 538 3491 erre
559 3437 591 3491 X
686 3438 835 3492 christiana
853 3439 886 3502 G,
905 3437 1001 3492 christi
1024 3438 1050 3491 V
1150 3438 1325 3507 5magister]
1344 3441 1422 3506 pater
1439 3439 1470 3492 X

372 3524 478 3576 lenirn
495 3527 537 3577 est
554 3523 585 3576 X
674 3524 755 3592 enim]
775 3526 864 3576 autem
885 3523 917 3576 Χ
1008 3523 1152 3592 Squibus]
1172 3524 1264 3590 quiet
1283 3523 1315 3575 X
1406 3524 1501 3592 dicere}

371 3625 432 3663 cum
450 3608 518 3662 dicit
535 3627 565 3673 υς
584 3610 622 3662 sic
640 3613 729 3663 autern
747 3609 862 3662 orabitis
880 3609 945 3662 odd.
968 3608 1037 3662 GVe
1181 3611 1198 3663 9
1216 3624 1245 3661 es
1263 3608 1293 3661 in
1311 3609 1393 3662 caelis
1411 3609 1470 3662 XV

372 3695 406 3747 10
417 3698 522 3762 patrem
533 3697 610 3761 pater
623 3693 761 3747 contendit
776 3694 806 3758 V,
826 3693 966 3747 contendit
978 3693 1017 3756 X,
1036 3693 1174 3747 contendit
1184 3696 1288 3762 patrem
1302 3710 1329 3747 se
1342 3694 1439 3746 babere
1450 3712 1468 3749 o

371 3796 400 3835 se
418 3779 561 3848 profitetur
579 3778 676 3834 habere
693 3778 730 3844 X,
749 3796 776 3848 p.
795 3795 817 3832 s.
835 3778 863 3832 b.
881 3795 898 3834 u
1033 3780 1065 3832 11
1083 3780 1187 3849 patriae
1204 3795 1282 3832 nemo
1300 3794 1467 3849 possessore

371 3865 406 3919 16
423 3865 575 3933 apostolum
593 3866 702 3933 paulum
724 3865 765 3919 Vo
857 3865 1050 3932 imperaturG
1143 3881 1207 3932 ergo
1225 3865 1324 3918 ora.V
1412 3866 1503 3932 potest

304 4014 306 4018 ⁷
369 3950 430 4004 fieri
452 3950 493 4005 Vo
597 3950 629 4004 17
648 3949 782 4002 inii-mem
801 3952 832 4001 X
939 3952 1055 4003 terraG
1165 3950 1501 4017 extremnset1etextre·

371 4039 506 4107 museto
525 4035 556 4089 X
653 4037 686 4090 19
703 4036 899 4090 inflammatam
919 4035 950 4090 X
1047 4036 1082 4089 20
1099 4035 1128 4089 in
1146 4051 1284 4090 summou
1375 4036 1409 4089 21
1426 4036 1501 4105 prae]

371 4138 418 4190 pre
438 4121 495 4175 GV
610 4122 645 4175 22
663 4138 712 4175 sua
729 4137 778 4176 om.
800 4122 830 4175 X
949 4121 985 4176 23
1003 4123 1135 4190 recepturi
1154 4122 1211 4175 sint
1232 4122 1273 4176 Vo
1392 4122 1501 4193 etenim]

372 4222 479 4260 emmo
