3720 4920
713 356 887 409 Aduersus
912 355 1057 410 ludaeos
1081 372 1103 408 c.
1121 357 1198 411 1-6.
1235 412 1239 418 ,
1466 361 1526 426 139

383 530 448 570 nam
464 517 494 570 et
517 515 610 572 caecis
632 515 730 573 oculos
756 516 887 574 restitnit
907 519 937 573 et
951 515 1048 574 clodos
1064 513 1213 574 ambulare
1228 514 1299 573 iacit
1313 519 1344 574 et
1359 514 1448 574 mutis
1462 533 1526 574 ser·

382 631 493 674 ruouem
520 615 647 674 reddidit
668 617 698 675 et
720 617 882 677 maculosos
905 616 1075 676 emundauit
1098 619 1128 675 et
1143 617 1272 675 mortuos
1287 615 1450 676 susciteuit.
1474 634 1528 676 uec

256 723 261 735 ’
383 717 512 776 turcatis
535 718 585 791 qui
608 719 761 792 peccastis,
794 721 904 793 priores
920 719 956 778 ed
972 719 1062 778 uitem
1078 720 1187 792 uenite,
1204 736 1257 778 uec
1272 718 1322 793 qui
1337 719 1525 779 homicidium

385 818 485 880 iecerit
510 824 617 895 paueat
640 823 710 895 quie
724 822 842 893 iecerat,
870 841 922 882 nee
937 821 1051 881 iuratus
1066 821 1163 880 aliene
1177 822 1311 894 desperet
1326 821 1395 895 quia
1409 821 1523 880 inuola-

362 925 486 994 aueret,
523 938 576 981 nec
605 924 779 996 publicanus
818 924 920 983 timeat
949 923 1017 998 quia
1046 926 1240 982 concusserat.
1285 923 1419 982 omnibus
1448 921 1524 982 enim

383 1022 513 1084 remissio
540 1028 721 1099 peccatorum
738 1029 852 1086 statuta
867 1029 921 1098 ost,
950 1028 981 1087 et
995 1026 1070 1087 telos
1085 1025 1226 1085 Dominus
1241 1025 1388 1085 desiderat
1402 1024 1523 1085 humili-

382 1128 443 1186 tate
469 1129 598 1188 abiectos
624 1132 653 1188 st
681 1131 777 1203 specie
804 1131 953 1189 indecoros
977 1133 1007 1190 ot
1029 1128 1196 1188 ualetudine
1212 1128 1321 1188 fractos
1336 1131 1366 1187 ot
1382 1130 1524 1188 seruitute

383 1227 542 1300 depressos.
566 1230 645 1288 beati
670 1229 746 1289 enim
770 1233 800 1288 et
822 1231 942 1303 gloriosi
967 1233 996 1290 et
1018 1229 1163 1304 magnifici
1178 1232 1207 1289 et
1222 1231 1356 1303 potentes
1371 1232 1402 1288 et
1417 1230 1525 1289 diuites

384 1333 413 1387 et
433 1329 524 1389 fortes
551 1332 707 1392 noluerunt
732 1333 916 1406 adquiescere
943 1335 1063 1394 Domino
1089 1351 1181 1408 neque
1203 1334 1323 1394 introire
1348 1333 1378 1393 in
1404 1333 1523 1407 nuptias

351 1432 502 1505 roepmi,
523 1451 659 1507 sponsum
675 1435 793 1507 iusuper
819 1436 1022 1510 indignissime
1045 1440 1239 1510 peremerunt.
1262 1439 1415 1510 propterea
1429 1434 1525 1495 iactus

375 1536 428 1605 ‘est
442 1534 603 1593 altissimus
621 1535 742 1610 quisque
756 1554 853 1597 eorum
867 1533 1076 1597 humilissimus
1092 1542 1122 1597 et
1135 1538 1314 1598 fortissimus
1330 1537 1477 1596 inualidus
1492 1541 1522 1598 et

382 1636 508 1708 prudeus
525 1637 634 1695 stultus
650 1639 680 1695 et
694 1638 802 1699 nobilis
813 1671 844 1700 a·
861 1640 890 1697 et
905 1639 987 1699 diues
999 1639 1199 1714 pauperrimus
1214 1641 1244 1698 et
1256 1640 1339 1699 heres
1355 1639 1523 1699 abdicatus:

382 1737 516 1809 quoniam
542 1739 657 1810 quidem
682 1740 738 1812 ipsi
761 1741 970 1799 abdicauerunt
995 1756 1093 1813 regem
1115 1741 1358 1800 modestissimum
1385 1743 1415 1798 et
1440 1741 1522 1800 beni-

382 1839 553 1913 gnissimum
569 1839 698 1900 dicentes
720 1831 898 1916 ‘ignoremus
914 1842 964 1915 qui
978 1841 1019 1900 sit
1034 1842 1100 1912 hio,
1116 1841 1265 1901 nonenim
1281 1846 1327 1901 est
1341 1859 1391 1902 rex
1406 1844 1522 1901 noster:

351 1963 375 2002 rs
384 1942 524 1999 habemus
533 1941 622 2000 alium
632 1959 729 2016 regem
739 1933 907 2004 Caesarem'.
920 1947 1071 2018 propterea
1080 1946 1205 2003 habeant
1213 1961 1297 2017 qruem
1306 1944 1523 2005 iutimaueruut.

384 2047 454 2102 tuuc
476 2045 611 2118 conplete
631 2049 677 2105 est
697 2048 865 2126 prophetiae
888 2065 945 2108 uox
968 2065 1041 2123 quae
1057 2048 1201 2123 praedixit
1215 2049 1294 2107 illis:
1318 2065 1381 2108 uos
1403 2048 1524 2107 uolui·

381 2145 454 2204 stis
487 2164 617 2220 aquam
651 2148 789 2208 Siloam
823 2167 916 2223 quae
953 2150 1058 2209 uadit
1095 2150 1269 2221 silentio,
1307 2152 1368 2208 sed
1406 2150 1524 2223 magis

381 2248 561 2309 uoluistis
595 2267 723 2324 aquam
755 2253 943 2311 Raassom.
978 2256 1208 2328 quapropter
1247 2253 1382 2313 induco
1415 2251 1524 2312 uobis

380 2366 500 2424 regom
528 2351 770 2425 Assyriorum
792 2355 854 2427 qui
885 2357 1030 2414 montes
1065 2358 1209 2415 uestros
1238 2355 1274 2412 iu
1295 2355 1443 2427 planum
1465 2354 1524 2412 da·

346 2451 437 2513 sebit
460 2453 495 2511 et
518 2452 704 2513 introibit
732 2458 856 2514 terras
888 2459 1045 2515 nostres.
1083 2459 1170 2530 etque
1199 2457 1242 2515 ita
1271 2456 1380 2515 iactum
1410 2458 1464 2525 est,
1495 2458 1525 2514 st

381 2554 550 2626 repudiatus
568 2554 645 2613 cuim
661 2555 796 2614 Christus
812 2555 916 2629 populo
932 2556 1014 2616 misit
1027 2560 1182 2632 tyranuum
1198 2574 1281 2631 quem
1293 2557 1457 2626 uoluerunt,
1474 2556 1523 2628 qui

381 2656 518 2715 ciuitates
534 2672 632 2715 eorum
649 2657 740 2716 diruit
754 2659 785 2716 et
797 2659 912 2732 plebem
927 2659 1108 2734 captiuitatis
1119 2676 1217 2719 sorum
1229 2658 1377 2719 damnauit
1388 2661 1418 2718 et
1430 2658 1526 2732 spolia

449 2888 482 2940 14
500 2888 535 2940 ct.
556 2887 596 2941 Io.
616 2889 658 2951 19,
678 2888 720 2941 15.
827 2891 861 2941 16
879 2889 924 2943 Es.
942 2891 968 2954 8,
986 2891 1003 2943 6
1021 2907 1062 2958 sq.

445 3126 460 3179 1
480 3125 624 3181 claudosc
769 3126 787 3179 2
806 3128 968 3198 rusculosos]
987 3129 1105 3198 leprosos
1125 3128 1149 3199 Q
1295 3129 1440 3183 mandauit
1460 3131 1487 3185 T

375 3211 432 3279 neo]
451 3227 519 3266 neo
636 3212 654 3266 3
671 3213 767 3266 timete
784 3214 813 3267 Β
928 3215 1045 3282 peccetis
1065 3213 1118 3284 Qu
1232 3214 1293 3269 uite
1312 3216 1339 3270 T
1456 3215 1518 3285 uec]

370 3311 407 3358 ue
424 3296 453 3349 Β
573 3296 715 3366 tieoerit]
734 3297 835 3351 feceret
855 3299 907 3368 (21⁸
1021 3299 1183 3368 quietquee
1202 3299 1231 3352 Β
1352 3315 1439 3368 neque
1456 3300 1485 3353 Β

373 3378 491 3450 disperet
509 3380 591 3451 Bor
699 3382 890 3437 inuoleuerunt
909 3383 953 3454 ρ’,
972 3381 1149 3439 inuolaucreu
1173 3386 1205 3449 Τ,
1222 3401 1277 3439 noe
1299 3384 1504 3454 101111111Β7

373 3465 391 3519 5
408 3481 431 3520 o.
451 3467 532 3536 enim]
552 3467 673 3521 omnium
693 3468 722 3521 Β
866 3470 883 3523 6
902 3458 949 3524 (1111
967 3469 1122 3524 desiderent
1141 3470 1194 3541 QT
1331 3460 1516 3526 humilitatem

373 3550 455 3622 Bou
544 3552 561 3604 9
580 3556 607 3605 et
625 3552 712 3607 sortes
729 3568 779 3607 orn.
799 3554 836 3616 Β,
855 3554 939 3607 sortes
958 3554 1012 3625 QT
1104 3554 1246 3624 responsi
1265 3572 1393 3625 sponsum
1413 3557 1525 3624 adrepet

373 3649 500 3703 sponsum
520 3635 717 3715 11911ρο1111
735 3653 753 3691 n
919 3639 1076 3695 lambitat
1098 3640 1128 3704 T,
1148 3639 1248 3694 nobilis
1266 3640 1397 3711 ignobilis
1414 3640 1482 3706 sort.

372 3723 400 3775 et
416 3722 604 3789 pauperrimus
621 3723 649 3775 Β
755 3724 789 3776 14
807 3725 863 3792 qui]
883 3725 945 3791 quis
963 3725 1005 3788 Μ,
1024 3724 1133 3796 quidQ
1238 3727 1272 3780 15
1289 3726 1391 3781 hebent
1409 3726 1482 3797 BQo

373 3805 573 3859 iutimauereut
590 3808 701 3875 scrupos,
720 3807 853 3862 timerem
871 3809 903 3873 T,
920 3810 1076 3879 petiuerunt
1095 3809 1166 3879 BQo
1302 3812 1335 3866 17
1354 3813 1437 3867 undet
1456 3813 1481 3884 Q

371 3891 527 3945 silentiosae
547 3892 571 3961 Q
654 3893 689 3946 18
706 3892 834 3947 uoluistis
856 3895 890 3945 T¹
970 3910 1091 3949 reassom
1111 3895 1168 3967 QT,
1188 3912 1283 3951 raason
1302 3897 1338 3962 Β,
1356 3897 1443 3952 rassin
1461 3915 1479 3953 n

371 3990 452 4043 quem
470 3979 580 4045 propter
599 3976 667 4048 Q'T
759 3979 793 4031 19
810 3977 898 4048 dabit]
917 3979 981 4033 dani
1002 3981 1028 4035 Τ
1120 3981 1156 4035 20
1173 3982 1303 4036 introiuit
1320 3983 1383 4037 ΜΤ
1472 3999 1518 4037 ue·

372 4064 442 4114 atras
460 4078 510 4114 oen
531 4060 557 4114 Τ
649 4063 677 4115 et
695 4078 782 4117 orno
868 4064 902 4117 21
921 4065 1077 4134 repudiatus
1095 4066 1180 4137 estQ
1261 4068 1396 4137 apopulo
1415 4067 1485 4139 BQu

370 4145 405 4200 22
422 4146 524 4199 diereit
541 4145 570 4199 Β
693 4147 850 4216 captiuiteti
871 4148 906 4218 B,
925 4150 1103 4220 captiuitates
1123 4153 1154 4216 Τ,
1174 4152 1369 4222 captiuitates
1473 4169 1517 4208 eo·

370 4248 429 4285 rum
448 4247 499 4285 ons.
518 4232 564 4286 Bc
670 4235 699 4287 ot
716 4248 767 4288 om.
786 4234 823 4288 M
840 4235 909 4303 (exte
932 4234 967 4306 Q)
