3720 4920
907 333 1000 388 Vite
1453 353 1524 402 xcv

378 487 519 571 sequenti
534 489 732 553 ueneratione
747 488 927 570 suspiciens,
942 506 1005 553 non
1019 489 1084 553 iam
1095 491 1133 554 91
1143 489 1283 554 amicum
1297 489 1421 554 animae
1436 508 1525 555 coae-

377 589 513 672 quclem,
529 589 584 654 sed
598 590 762 671 tamquam
776 607 875 655 99999
890 591 975 655 91199
989 591 1162 673 parentem.
1179 589 1313 672 denique
1328 590 1385 656 ille
1400 590 1524 656 demul-

377 710 431 758 sus
451 691 609 774 obsequiie
623 691 657 757 in
671 693 797 758 tantum
818 692 995 758 dilectionis
1015 692 1186 781 immensae
1200 692 1324 759 meritis
1338 696 1526 777 prouocatus

378 796 436 873 991,
453 795 490 858 91
500 795 539 860 de
550 795 675 861 saeculo
690 796 837 861 excedens
849 796 1051 862 accersitione
1062 795 1126 862 iam
1137 779 1280 878 proxima
1294 797 1527 862 commendaret

356 894 428 960 silli
443 895 609 982 coniugem
623 916 660 963 ac
675 898 790 964 liberos
805 916 877 965 9999
892 899 924 964 91
939 918 1033 982 quem
1048 897 1166 965 iecerat
1181 899 1220 965 de
1230 901 1334 966 999199
1348 900 1525 967 communi·

378 999 498 1064 catione
512 999 700 1082 participem
714 1002 914 1083 postmodum
929 1001 1045 1067 faceret
1059 1001 1189 1083 pietatis
1203 1001 1361 1067 heredem.

422 1101 567 1187 Longum
590 1105 638 1169 oet
659 1104 705 1169 irc
727 1123 783 1186 per
809 1104 948 1188 singula:
977 1123 1158 1171 enumerare
1186 1106 1300 1172 cuncta
1327 1104 1394 1171 eius
1417 1111 1555 1173 onero-5

378 1222 450 1268 sum
472 1208 529 1270 est.
555 1206 830 1287 adprobationem
853 1208 1007 1273 bonorum
1030 1225 1160 1289 operum
1183 1208 1287 1273 solum
1310 1208 1369 1274 hoc
1391 1208 1528 1272 arbitror

378 1305 458 1371 satis
473 1324 550 1385 esse,
567 1306 650 1388 quod
664 1306 782 1373 iudicio
795 1307 856 1372 Dei
866 1310 899 1373 91
909 1308 1012 1390 plebis
1026 1307 1135 1375 fauore
1149 1309 1190 1375 ad
1202 1309 1343 1376 officium
1357 1309 1527 1376 sacordotii

345 1425 372 1466 ιο
381 1408 414 1473 91
429 1407 625 1491 episcopatus
640 1409 775 1492 gradum
790 1408 893 1474 adbuc
907 1411 1083 1494 neophytus
1098 1412 1131 1476 91
1144 1413 1182 1477 91
1195 1411 1370 1493 putabatur
1384 1411 1528 1478 nouellue

380 1509 500 1576 electus
521 1512 577 1576 eet
606 1512 751 1593 quamuis
771 1511 806 1576 in
826 1511 939 1594 primis
958 1512 1034 1578 fidei
1056 1531 1131 1579 suae
1152 1513 1255 1578 adbuc
1276 1512 1387 1579 dicbus
1409 1514 1440 1578 et
1454 1512 1528 1578 rudi

380 1611 469 1678 uitae
483 1613 637 1694 spiritalis
653 1615 757 1679 991919
771 1613 818 1679 919
832 1632 982 1698 generosa
995 1615 1118 1680 indoles
1133 1615 1297 1693 reluceret,
1320 1615 1357 1679 91
1371 1615 1433 1681 9191
1447 1631 1527 1679 999-

270 1731 273 1736 ·
381 1713 459 1780 dum
479 1716 575 1780 officii
589 1716 656 1799 spei
671 1718 777 1781 tamen
792 1716 914 1801 fulgore
928 1716 1130 1800 resplendens
1144 1717 1343 1782 imminentis
1359 1718 1527 1784 sacerdotii

381 1817 483 1882 totam
499 1816 649 1882 fiduciam
664 1817 875 1901 polliceretur.
891 1835 953 1883 non
967 1818 1146 1900 praeteribo
1162 1818 1260 1884 etiam
1271 1818 1353 1885 illud
1364 1818 1527 1897 eximium,

345 1940 371 1980 rs
383 1918 648 2001 quemadmodum
664 1937 735 1984 cum
746 1920 779 1984 in
790 1920 991 1986 dilectionem
1006 1921 1074 1986 eius
1086 1923 1118 1986 91
1129 1921 1277 1986 honorem
1292 1923 1379 1988 19199
1393 1921 1528 2004 populus

382 2020 559 2104 inspirante
571 2021 707 2087 Domino
718 2023 887 2105 prosiliret,
904 2023 1068 2089 humiliter
1078 2022 1134 2088 ille
1145 2023 1284 2103 secessit,
1298 2014 1529 2107 antiquioribus

384 2125 497 2189 cedens
512 2125 545 2190 et
559 2123 729 2209 indignum
744 2144 778 2190 se
792 2124 888 2190 titulo
908 2125 991 2190 tanti
1006 2125 1132 2191 honoris
1147 2126 1341 2206 existimaus,
1362 2126 1399 2191 91
1413 2126 1529 2210 dignus

386 2226 491 2311 magis
513 2227 611 2291 fieret.
633 2227 735 2310 magis
756 2227 840 2292 enim
855 2226 970 2311 dignus
984 2225 1131 2306 eflicitur,
1155 2229 1210 2309 qui
1225 2227 1308 2309 quod
1323 2229 1462 2299 meretur
1476 2246 1529 2292 ex·

388 2329 486 2393 cusat
512 2346 573 2410 quo
594 2329 671 2393 tunc
692 2327 802 2393 ardore
821 2327 910 2409 plebs
924 2330 1071 2395 aestuans
1085 2327 1270 2408 fluctuabat,
1292 2330 1430 2412 spiritali
1446 2330 1530 2395 desi-

352 2427 474 2495 919919
496 2430 725 2511 concupiscens,
747 2430 785 2493 91
798 2429 901 2493 exitus
921 2429 1037 2507 docuit,
1059 2448 1121 2495 999
1137 2431 1317 2513 episcopum
1331 2431 1473 2496 tantum:
1494 2430 1530 2495 19

388 2549 424 2596 eo
436 2531 521 2596 enim
532 2548 628 2612 quem
639 2532 715 2594 tunc
729 2530 843 2595 latenti
859 2529 1039 2595 diuinitatis
1053 2532 1216 2615 praesagio
1231 2531 1340 2595 taliter
1354 2529 1531 2615 flagitabat

387 2649 449 2697 non
464 2633 662 2698 solummodo
678 2632 869 2708 sacerdotem
885 2632 939 2697 sed
952 2634 985 2697 et
996 2633 1140 2698 futurum
1155 2634 1329 2715 martyrem
1343 2633 1530 2715 requirebat

388 2735 552 2800 obsederat
576 2734 657 2800 iores
683 2735 794 2800 domus
816 2735 940 2818 copiosa
963 2735 1144 2800 fratcmites
1164 2737 1197 2800 et
1217 2753 1273 2818 per
1296 2752 1403 2800 omnes
1425 2735 1494 2799 adit
1523 2729 1525 2734 ’

388 2836 526 2903 sollicita
542 2837 656 2903 caritas
672 2836 833 2903 circuibat.
852 2838 1008 2919 potuisset
1022 2837 1154 2903 fortasse
1168 2838 1244 2902 tunc
1259 2836 1310 2902 illi
1325 2836 1532 2919 apostolicum

355 2959 379 3001 es
388 2936 471 3004 illud
491 2940 625 3018 euenire,
648 2939 731 3022 quod
745 2939 856 3016 uoluit,
879 2940 915 3003 91
928 2958 985 3022 per
1000 2937 1171 3004 fenestram
1186 2938 1402 3021 deponeretur,
1424 2938 1451 3003 si
1466 2939 1533 3003 iam

442 3142 650 3211 lsuecipieuseo
701 3141 859 3196 2demulsis
871 3143 903 3205 T,
915 3141 948 3195 de
959 3140 1096 3208 mnltist5
1109 3141 1167 3195 9199
1178 3141 1272 3196 991919
1323 3141 1500 3195 3999119999

388 3227 629 3291 49999991119999,
643 3227 792 3281 accersione
804 3227 863 3295 ecp²
972 3226 1040 3295 591]
1053 3229 1114 3280 919
1218 3226 1488 3280 communicationem
1502 3226 1535 3289 T,

389 3313 578 3367 communione
589 3328 653 3382 wpo
675 3380 677 3385 Ι
733 3313 750 3366 6
763 3312 879 3380 pietates
894 3313 925 3378 Τ,
936 3311 1028 3380 pietat
1039 3317 1051 3366 1
1062 3312 1137 3380 spect
1149 3312 1180 3365 91
1191 3311 1283 3379 spatio
1294 3314 1314 3365 2
1325 3311 1377 3366 lite.
1392 3310 1501 3377 relicto)

389 3397 583 3466 1199999999
719 3397 844 3466 singulae
859 3397 885 3451 T
1016 3410 1158 3449 numerare
1171 3396 1362 3462 1999911919
1373 3411 1406 3459 ec,
1420 3408 1471 3448 oon.
1484 3410 1502 3449 9

389 3485 489 3538 999919
559 3484 603 3537 991
614 3498 664 3539 ocra
678 3498 703 3537 ec
782 3484 877 3536 cuncte
889 3481 1029 3544 11999919
1045 3479 1133 3536 0999
1217 3481 1285 3551 eius]
1298 3480 1373 3534 facta
1385 3479 1449 3534 add.
1463 3496 1501 3549 μυ

389 3567 687 3639 8est]enarrareudd.
700 3565 1003 3635 pessimorumque
1104 3567 1247 3621 9999911Ι
1343 3566 1377 3620 11
1389 3564 1502 3619 rudiseo

391 3640 701 3724 12spr'ralispeetaolet
822 3652 993 3706 reluxoretsc
1117 3650 1152 3704 13
1164 3665 1211 3718 spe
1222 3652 1282 3718 cop*
1358 3712 1361 3717 ⁴
1399 3652 1539 3703 19999999
1572 3716 1575 3722 ,

389 3725 545 3808 turum
654 3726 825 3808 15199919
929 3735 1074 3789 dilectione
1086 3735 1144 3790 eius
1157 3739 1186 3790 91
1197 3736 1335 3790 honoreT
1443 3736 1477 3790 16
1489 3735 1536 3789 ad·
1657 3749 1660 3754 ¹

391 3826 514 3895 spirante
524 3842 551 3890 c,
562 3826 685 3894 spirante
697 3842 743 3894 eoa
818 3823 962 3895 prosileret
977 3826 1026 3880 Teo
1105 3822 1139 3876 1‘1
1152 3821 1284 3877 redencio
1353 3817 1507 3890 dig'uumT

392 3910 426 3964 18
438 3911 565 3981 meretur]
578 3911 696 3966 timetec
801 3911 971 3965 1999199919
982 3927 1030 3978 eon
1128 3909 1284 3964 10199199
1297 3905 1506 3976 episcopumve
1624 3963 1627 3966 ,

391 3996 426 4051 21
439 3996 554 4051 latentis
566 4014 599 4062 eo,
612 3998 770 4054 latsutcmv
874 3996 1038 4065 presagioec
1141 3993 1305 4047 21919911
1405 3988 1539 4059 futurum]

393 4084 478 4137 etiam
491 4081 556 4137 add.
569 4100 587 4139 9
725 4082 898 4152 requirebant
909 4082 936 4136 Τ
1072 4080 1108 4135 14
1119 4080 1211 4149 posset
1221 4081 1288 4132 1999
1299 4075 1345 4130 1111
1355 4075 1470 4130 fortasse
1481 4090 1506 4129 ec

393 4168 429 4222 15
440 4170 562 4222 eueniret
577 4170 609 4232 Τ,
620 4167 763 4222 conuenire
775 4185 800 4222 eo
924 4167 1067 4222 fenietram
1083 4166 1109 4222 T
1230 4163 1359 4218 iambum
1374 4162 1427 4230 Τμ,
1439 4161 1495 4214 iam
1506 4176 1541 4225 ¹02

394 4256 486 4309 tamen
499 4270 560 4308 cum
573 4254 610 4319 F,
621 4270 681 4309 cum
693 4272 711 4311 9
1361 4271 1366 4279 ”
