3720 4920
348 336 391 402 ἰο
825 334 1011 404 Appendix.

347 507 433 565 qnam
453 490 527 550 nihil
548 490 707 564 habituris,
728 492 755 552 si
776 493 830 552 hoc
850 510 962 567 quoque
982 493 1079 565 adepti
1094 510 1130 552 ex
1144 491 1259 567 integro
1273 509 1330 553 non
1345 491 1479 566 luissent,

348 592 466 665 perinde
490 608 523 651 ac
549 593 576 652 si
600 611 754 668 numquam
781 596 922 669 baptizati
950 595 1119 654 innomine
1146 595 1213 654 Iesu
1239 593 1347 654 christi
1376 594 1481 654 dorent.

352 695 471 768 ideoque
485 695 623 754 nonnulle
638 713 723 769 super
737 697 793 754 hac
808 714 883 755 noua
898 697 1065 770 quaestione
1081 696 1189 770 scripta
1202 700 1253 755 aut
1265 696 1405 770 rescripto
1418 710 1483 755 esse

348 796 539 869 iaciebantur,
561 797 665 870 quibus
685 801 807 871 utraque
822 814 892 876 pars
908 800 945 856 ad
960 798 1135 856 destruenda
1149 797 1243 857 aliena
1257 814 1366 857 summo
1382 796 1478 858 studio
1494 845 1497 850 Α

348 899 503 960 nitebatur.
531 899 562 958 in
577 917 632 974 quo
647 915 749 974 genere
763 899 950 973 quaestionis,
977 903 1010 958 nt
1030 899 1103 958 mihi
1124 900 1247 971 uidetur,
1273 898 1354 958 nulla
1367 898 1503 959 omninos

348 1001 490 1075 potuisset
505 1003 699 1061 controuersia
713 1006 763 1060 eut
787 1002 956 1075 disceptatio
982 1018 1138 1075 emergere,
1162 1001 1187 1061 si
1210 1002 1405 1075 unusquisque
1427 1017 1481 1061 no·

348 1107 440 1162 strum
456 1105 608 1162 contentus
622 1104 780 1163 uenerabili
796 1104 980 1164 ecclesiarum
1002 1104 1127 1163 omnium
1150 1105 1319 1164 auctoritato
1340 1106 1371 1163 et
1384 1119 1482 1164 neces·

349 1206 426 1265 saris
440 1205 605 1266 numilitate
620 1205 694 1265 nihil
710 1206 847 1266 innouare
863 1204 995 1280 gestiret,
1011 1224 1076 1266 oum
1087 1205 1180 1265 locum
1192 1204 1410 1266 contradictioni
1424 1221 1482 1264 non

349 1306 507 1379 quemlibet
522 1306 770 1367 animaduerteret.
787 1325 910 1380 nomque
926 1324 1008 1366 omne
1024 1308 1098 1379 quod
1116 1311 1145 1366 et
1156 1325 1260 1380 encops
1276 1311 1305 1367 et
1315 1306 1482 1381 ambiguum

349 1411 378 1466 et
393 1408 424 1465 in
438 1407 562 1466 diuersis
583 1409 736 1467 sententiis
756 1409 938 1481 prudentium
956 1426 990 1467 sc
1005 1408 1132 1468 fidelium
1153 1410 1278 1468 uiromm
1294 1410 1481 1468 constitutum
1492 1425 1519 1464 rc

350 1511 404 1581 est,
429 1510 455 1567 si
475 1514 575 1568 eontra
595 1510 717 1581 priscum
734 1514 762 1569 ot
777 1510 989 1570 memorabilem
1004 1514 1169 1569 cunctorum
1192 1511 1373 1569 emeritorum
1395 1527 1479 1569 sauc-

350 1613 443 1669 tomm
466 1614 496 1668 et
516 1611 642 1669 fidelium
669 1610 906 1669 solemnissimam
922 1610 1149 1670 obseruationem
1175 1611 1326 1681 iudicatur,
1352 1610 1482 1669 damnari

350 1711 448 1784 ntique
468 1712 562 1783 debet,
584 1729 646 1770 cum
662 1712 692 1770 in
717 1729 747 1770 re
763 1711 831 1771 olim
855 1713 1013 1784 composita
1028 1715 1058 1770 et
1073 1712 1213 1782 ordinata,
1228 1712 1421 1785 quodcumque
1436 1713 1482 1770 est

349 1811 419 1870 illud
442 1813 517 1885 quod
539 1815 638 1871 contra
660 1812 844 1872 ecclesiarum
868 1815 994 1885 quietem
1017 1815 1103 1885 atque
1118 1829 1216 1886 pacem
1231 1812 1261 1869 iu
1276 1813 1399 1870 medium
1413 1828 1481 1883 pro·

349 1913 469 1971 ducatur
498 1913 571 1971 nihil
600 1917 713 1986 praeter
739 1914 896 1973 discordias
921 1917 951 1971 et
977 1913 1140 1971 simultates
1166 1916 1196 1971 et
1225 1906 1381 1970 schismata
1405 1912 1479 1970 alla·
1492 1937 1517 1976 rs

349 2017 460 2072 turum:
486 2015 535 2074 ubi
561 2015 659 2073 nullus
686 2016 761 2073 alius
784 2014 895 2073 fructus
922 2014 1081 2087 reperiatur
1104 2014 1160 2072 nisi
1182 2014 1229 2072 hic
1251 2013 1338 2084 solus,
1361 2016 1394 2070 nt
1407 2030 1482 2072 unus

349 2115 442 2186 homo,
471 2115 640 2189 quicumque
667 2117 718 2175 ille
744 2119 798 2189 est,
825 2133 945 2190 magnae
971 2117 1140 2190 prudentiae
1162 2119 1191 2175 et
1217 2115 1392 2174 constantiae
1417 2131 1481 2175 esse

350 2217 426 2289 apud
452 2219 589 2290 quosdam
618 2217 698 2276 leues
728 2219 858 2277 homiues
888 2217 968 2276 inani
997 2216 1091 2290 glorie
1119 2217 1299 2291 praedicetur
1325 2220 1354 2275 et
1378 2217 1480 2275 haere·

349 2318 470 2375 ticorum
496 2322 612 2390 stupore
635 2319 793 2391 praeditus,
821 2319 927 2392 quibus
948 2319 1003 2377 hoc
1028 2319 1143 2377 unicum
1158 2318 1328 2392 perditionis
1344 2319 1481 2376 solacium

350 2423 395 2478 ost
409 2420 435 2477 si
449 2437 506 2478 non
522 2419 576 2479 soli
597 2435 713 2493 peccare
735 2421 897 2493 uideantur,
920 2437 1031 2480 errores
1047 2424 1076 2479 et
1090 2420 1163 2479 uitia
1177 2418 1374 2479 uniuersorum
1389 2419 1517 2484 eccle-ao

350 2520 458 2577 siarum
473 2520 627 2578 correxisse
643 2521 719 2592 apud
735 2520 898 2581 simillimos
912 2520 958 2579 sui
974 2525 1004 2579 et
1025 2537 1170 2595 compares
1187 2521 1356 2580 celebretur.
1380 2522 1481 2580 hsere·

349 2621 471 2680 ticorum
486 2621 560 2679 enim
575 2621 699 2680 omnium
715 2624 769 2682 hoo
791 2622 916 2681 studium
932 2624 1019 2697 atque
1034 2621 1210 2696 propositum
1225 2625 1270 2680 est
1284 2622 1480 2682 sanctissimae

349 2722 436 2780 matri
462 2725 578 2781 nostrae
603 2722 741 2782 ecclesiae
766 2723 939 2782 eiuscemodi
961 2727 992 2783 et
1012 2723 1152 2797 plurimas
1180 2727 1302 2796 quantas
1324 2723 1481 2782 calumnias

349 2826 506 2884 necterent
526 2823 671 2883 inuenisse
699 2824 808 2899 aliquid
833 2826 908 2898 quod
923 2825 949 2884 ei
971 2824 1084 2885 crimini
1105 2822 1152 2884 uel
1177 2824 1263 2882 etiam
1289 2823 1394 2883 leuiter
1418 2824 1482 2884 dari

348 2927 446 2997 posset
460 2941 599 2983 summam
613 2925 733 2999 gloriam
750 2926 864 2985 ducere
888 2927 964 2998 quod
984 2942 1048 2984 cum
1063 2925 1175 2984 nullum
1189 2942 1275 2983 sanae
1290 2926 1395 2984 mentis
1409 2924 1480 2985 flde-
1490 2946 1516 2987 m

348 3026 420 3085 lium
444 3028 541 3086 tenere
570 3026 617 3085 uel
643 3025 765 3086 maxime
790 3027 902 3086 nullum
928 3027 1045 3087 omnino
1061 3027 1091 3084 in
1112 3041 1288 3100 quocumque
1312 3027 1387 3086 clero
1412 3043 1481 3086 con·

348 3126 483 3186 stitutum
503 3145 537 3186 ac
557 3127 647 3186 multo
667 3128 761 3201 magis
782 3126 981 3201 episcoporum
1002 3128 1107 3187 audere
1124 3128 1232 3199 deceat,
1254 3127 1374 3186 monstri
1388 3127 1481 3187 similo

348 3231 394 3288 est
415 3229 493 3303 ipsos
518 3230 668 3303 episcopos
693 3229 765 3288 talia
790 3229 928 3290 scandsla
948 3229 1076 3304 cogitare
1097 3231 1127 3288 et
1151 3228 1356 3302 turpitudinem
1379 3225 1482 3290 matris

350 3331 496 3406 ecclesiae,
512 3332 538 3390 si
552 3348 638 3406 qnam
652 3335 756 3405 putant
771 3332 800 3390 in
816 3333 871 3391 hoc
885 3331 1000 3405 negotio
1012 3348 1083 3402 osse,
1102 3339 1200 3391 contra
1213 3334 1395 3404 praeceptum
1406 3330 1481 3404 legis

348 3435 378 3490 et
399 3431 524 3491 omnium
545 3433 750 3505 scripturarum
772 3433 858 3491 nimie
880 3435 1078 3492 iurauerenter
1103 3450 1168 3491 cum
1188 3433 1252 3506 ipsa
1271 3433 1396 3506 ipsorum
1416 3435 1516 3499 tur-20

347 3533 477 3607 pitudine
493 3535 522 3593 ot
543 3533 668 3607 periculo
683 3551 740 3593 non
760 3533 854 3593 uereri
876 3534 1019 3606 detegere,
1041 3551 1213 3608 quamquem
1233 3533 1313 3592 nulla
1328 3534 1367 3592 sit
1382 3534 1411 3591 in
1426 3534 1480 3593 hoc

347 3636 405 3695 nisi
426 3635 456 3694 in
479 3654 573 3697 errore
600 3636 726 3710 ipsorum
752 3637 868 3696 illorum
889 3637 1038 3710 turpitudo
1061 3636 1205 3698 ecelesiae.
1233 3637 1328 3710 itsque
1354 3636 1480 3695 deterius

347 3738 525 3813 delinquitur
546 3741 583 3798 ab
603 3739 766 3798 hominibus
787 3738 937 3810 eiusmodi,
966 3739 991 3796 si
1007 3740 1037 3797 id
1053 3740 1128 3812 quod
1143 3739 1174 3796 in
1189 3739 1387 3798 obseruatione
1403 3737 1479 3796 anti·

347 3841 485 3914 quissima
505 3840 572 3901 aliis
593 3843 739 3916 tamquam
759 3858 816 3900 non
837 3843 915 3900 recte
937 3839 989 3898 fist
1011 3839 1237 3917 reprehenditur,
1258 3842 1288 3901 et
1310 3839 1346 3898 ab
1368 3838 1415 3898 his
1430 3838 1480 3913 qui

347 3945 414 4002 aute
434 3960 487 4002 nos
508 3943 634 4014 luerunt,
660 3945 723 4001 tum
743 3943 830 4001 etiam
845 3959 864 4000 a
878 3942 962 4000 uobis
989 3944 1065 4001 recte
1091 3943 1273 4002 obseruatum
1300 3958 1363 4001 esse
1385 3943 1415 4001 et
1429 3943 1517 4008 obus

417 4118 531 4184 spedas
549 4120 578 4170 et
595 4131 645 4171 om.
658 4116 723 4184 Rip.
794 4115 828 4170 15
845 4118 954 4183 praeter
971 4115 1120 4171 om.cod.?
1187 4116 1222 4170 30
1240 4117 1309 4185 ipsa]
1323 4116 1445 4187 multip.

347 4203 382 4258 34
399 4203 461 4257 aliis
480 4202 548 4267 cod„
565 4202 600 4256 ab
617 4201 652 4256 iis
671 4202 818 4268 Betucius,
836 4201 871 4254 ab
890 4200 947 4254 illis
965 4200 1031 4266 scot.
