3720 4920
392 341 454 406 170
859 338 1044 409 appendia

387 500 538 570 procurent
551 498 583 556 hi
598 497 628 556 in
642 497 718 572 quod
732 513 780 557 eos
794 496 942 557 constituit
953 496 1090 558 Dominus
1104 516 1191 573 snpra
1201 498 1340 558 familiam
1353 514 1433 557 suam
1447 497 1516 558 dare

387 599 447 658 illis
461 600 555 659 cibum
570 600 600 658 in
624 602 751 672 tempore
777 615 827 658 suo
842 616 1004 659 mensuram
1029 600 1135 674 tritici,
1156 618 1255 675 puram
1270 599 1381 659 scilicet
1405 601 1435 658 et
1448 615 1515 673 pro·

386 701 481 761 batam
497 702 664 774 doctrinam,
679 705 820 775 quatenus
834 701 967 761 ueniente
981 702 1101 761 Domino
1122 705 1284 762 mereantur
1297 702 1411 761 andire:
1423 717 1516 775 euge

386 821 491 863 seruo
518 803 608 863 bone
630 806 666 862 et
688 803 836 876 tidelis,
867 804 952 877 quia
979 820 1090 878 supra
1110 822 1225 878 pauca
1246 803 1381 864 tidelis
1402 801 1514 862 fuisti

386 922 495 979 snpra
522 907 637 965 multa
665 909 701 964 te
731 905 971 966 constituam:
1008 907 1107 965 intra
1127 906 1164 966 in
1196 907 1367 982 gaudium
1398 905 1535 965 Domi-s

386 1007 423 1066 ni
444 1008 507 1066 tui.

707 1179 828 1238 PLB'BS
850 1178 939 1237 SINE
962 1179 1192 1240 alamannos

342 1337 380 1394 11
425 1331 598 1391 Vndecimus
623 1332 770 1391 abusionis
795 1333 901 1407 gradus
927 1334 973 1391 est
994 1330 1076 1405 plebs
1092 1333 1153 1392 siue
1168 1331 1334 1406 disciplina:
1356 1332 1513 1406 quaedum

383 1430 551 1504 disciplinae
566 1432 820 1492 exercitationibus
833 1449 891 1491 non
906 1434 1007 1503 seruit,
1022 1433 1163 1492 communi
1179 1450 1210 1490 se
1224 1433 1393 1505 perditionis
1407 1433 1509 1506 laqueo

381 1533 570 1606 constringit:
587 1533 660 1592 iram
675 1533 781 1592 etenim
792 1534 899 1593 domiui
913 1534 1022 1608 absquo
1038 1532 1205 1605 disciplinae
1220 1533 1314 1607 rigore
1328 1551 1384 1593 non
1400 1532 1507 1592 euadit.
1521 1550 1548 1590 no

381 1637 468 1706 atque
493 1635 596 1695 idcirco
622 1634 789 1709 psalmistae
814 1636 932 1694 uocibus
958 1634 1190 1708 indisciplinatae
1212 1635 1288 1709 plebi
1312 1635 1508 1708 praedicatur:

382 1736 649 1808 adprehendite
665 1736 901 1807 disciplinam
915 1737 1111 1810 nequando
1125 1737 1313 1796 irascatur
1327 1737 1508 1796 Dominus.

384 1836 536 1910 disciplina
556 1854 624 1897 uero
645 1841 691 1897 est
710 1855 820 1897 morum
840 1837 972 1897 ordinata
988 1838 1124 1898 correctio
1139 1842 1170 1898 et
1183 1838 1321 1897 maiorum
1335 1839 1507 1912 praeceden-

381 1937 454 1996 tium
479 1939 643 2010 regularum
668 1938 841 1997 obseruatio.
863 1939 897 1997 de
924 1956 981 2012 qua
1006 1940 1160 2013 disciplina
1180 1940 1289 1999 Paulus
1304 1939 1450 2013 apostolus
1465 1940 1509 1998 ita

380 2038 509 2112 loquitur
548 2039 660 2098 dicens:
703 2039 741 2098 in
777 2040 987 2113 disciplina
1028 2043 1285 2113 perseuerate:
1327 2044 1544 2114 tamquamuu

380 2139 482 2199 filiis
503 2141 609 2200 uobis
630 2141 747 2200 offert
768 2158 805 2201 se
827 2141 931 2200 Deus.
963 2143 1056 2214 quod
1078 2142 1110 2201 si
1131 2145 1237 2201 extra
1265 2142 1507 2214 disciplinam

378 2242 484 2314 ostis,
506 2243 609 2302 cuius
630 2242 837 2316 participas
858 2242 951 2302 iacti
972 2247 1057 2302 sunt
1078 2261 1212 2316 omnes,
1235 2259 1320 2319 ergo
1342 2243 1507 2303 adulteri

379 2347 415 2402 et
437 2361 506 2402 non
528 2343 608 2402 filii
630 2345 736 2404 estis.
760 2345 810 2417 qui
831 2361 899 2418 ergo
921 2346 1045 2404 adulteri
1067 2349 1097 2405 et
1118 2347 1182 2404 sine
1201 2346 1354 2419 disciplina
1375 2349 1453 2417 sunt,
1476 2347 1507 2405 at

381 2444 516 2503 caelestis
541 2445 623 2518 regni
648 2445 840 2504 hereditatem
860 2462 918 2503 non
937 2446 1068 2518 capiunt:
1090 2446 1144 2504 tilii
1159 2448 1254 2505 autem
1268 2449 1402 2520 paternae
1417 2446 1504 2505 disci·

379 2546 476 2618 plinae
503 2546 690 2605 correctiones
716 2546 813 2605 ferunt
833 2549 863 2605 et
885 2547 1073 2607 hereditatem
1099 2546 1267 2619 quandoque
1283 2548 1406 2620 recipere
1421 2563 1542 2620 possano

379 2664 434 2705 non
458 2649 617 2719 desperant.
641 2647 676 2705 de
703 2664 760 2720 qua
770 2647 857 2706 etiam
884 2648 1036 2721 disciplina
1051 2649 1153 2706 Esaias
1167 2649 1257 2708 eidem
1272 2648 1505 2720 indisciplinatae

375 2750 453 2824 plebi
479 2749 626 2821 praedicat
651 2750 766 2809 dicens:
801 2752 983 2824 quiescite
1013 2767 1123 2824 agere
1146 2767 1329 2824 peruerse,
1364 2750 1503 2809 discite

442 2971 576 3025 3111111.
594 2972 637 3036 25,
655 2973 697 3027 23.
848 2975 881 3027 12
898 2973 943 3026 Ps.
961 2974 1003 3036 21,
1024 2974 1065 3027 12.
1221 2975 1254 3027 15
1271 2973 1352 3026 chr.
1372 2974 1416 3035 12,
1434 2972 1458 3024 7.
1476 2974 1502 3026 8.

374 3058 410 3111 22
426 3056 471 3111 Ea.
491 3061 514 3122 1,
534 3059 575 3111 16.

442 3281 455 3331 1
474 3279 617 3345 procurant
634 3276 665 3330 X
761 3276 801 3346 hi]
820 3276 852 3330 hi
869 3275 898 3330 id
919 3277 989 3332 (ΡΧ
1084 3278 1113 3330 in
1131 3294 1181 3331 om.
1204 3278 1245 3333 Vn
1337 3294 1403 3346 quos
1425 3278 1466 3332 Vo

370 3378 414 3416 eos
431 3378 482 3417 om.
504 3362 586 3417 G¹Vo
664 3378 743 3430 snper
761 3363 837 3419 XVu
914 3363 997 3416 aeuo
1015 3378 1065 3416 ora
1088 3363 1113 3416 V
1189 3364 1291 3433 puram]
1309 3379 1419 3431 paruam
1442 3364 1468 3417 V

369 3447 554 3503 3doctriuam
572 3447 714 3516 probatam
736 3449 763 3504 V
877 3451 1010 3503 mereatur
1028 3448 1058 3501 X
1176 3448 1194 3501 4
1213 3464 1292 3517 supra
1309 3449 1345 3517 p]
1365 3448 1395 3502 in
1413 3463 1498 3516 pauca

369 3533 444 3589 XVo
546 3534 626 3586 fuisti
643 3533 732 3587 fidelis
749 3534 796 3587 Xe
881 3533 987 3587 balius
1005 3533 1143 3587 abusionis
1164 3534 1191 3587 V
1278 3534 1351 3602 dum]
1370 3551 1464 3588 curuo

368 3617 577 3686 9111111111,
595 3617 680 3672 nmio
697 3604 749 3671 uio
771 3618 803 3681 v,
820 3617 948 3672 1111..
969 3620 993 3671 o
1138 3618 1286 3670 communi.
1297 3656 1303 3667 .
1314 3617 1428 3670 somni
1446 3635 1497 3671 11.

373 3703 459 3759 GXV
600 3703 634 3758 10
650 3704 745 3773 uigore
766 3702 792 3757 V
931 3702 1027 3756 suadet
1049 3702 1075 3757 V
1214 3703 1248 3756 13
1265 3718 1367 3756 morum
1387 3704 1462 3757 estu

367 3789 402 3842 14
419 3789 521 3857 regulis
539 3789 571 3842 X
678 3787 887 3842 1511111111.
906 3787 939 3840 X
1046 3788 1080 3840 16
1097 3804 1125 3840 11
1142 3804 1193 3840 om.
1211 3788 1271 3841 XV
1370 3787 1403 3839 17
1421 3787 1495 3855 sunt]

366 3873 433 3926 ostie
450 3890 468 3927 o
604 3872 678 3942 ergo]
696 3874 803 3926 enimv
945 3872 978 3926 18
995 3871 1043 3938 qui
1061 3888 1113 3925 om.
1131 3872 1162 3924 X
1302 3874 1330 3925 et
1346 3888 1397 3926 orn
1420 3871 1460 3926 Vn

366 3958 423 4011 eine
441 3958 477 4027 d]
495 3957 694 4026 indisciplinati
714 3957 783 4012 (ΡΧ
935 3959 964 4010 et
982 3972 1033 4011 oon
1055 3957 1125 4010 (ΡΧ
1278 3959 1312 4011 19
1329 3957 1424 4011 sifilii
1441 3974 1459 4011 o

366 4043 401 4098 20
418 4045 588 4098 correctiores
605 4044 636 4099 Χ
744 4044 833 4098 serunt
855 4042 926 4107 G'V,
944 4041 1015 4095 fiunt
1035 4041 1103 4096 (ΡΧ
1211 4058 1240 4096 ae
1256 4043 1371 4111 recipere
1390 4042 1462 4097 (ΡΧ

364 4132 478 4198 possunt
499 4130 526 4183 V
653 4132 687 4184 21
706 4131 846 4200 desperent
863 4148 888 4194 o,
906 4129 1059 4197 dispeream
1078 4131 1103 4183 G
1234 4131 1320 4184 eidem
1337 4133 1355 4184 i.
1373 4147 1399 4199 p.
1417 4146 1493 4199 prae·

363 4214 446 4285 dicat]
464 4215 586 4284 loquitur
608 4216 636 4272 V
735 4216 806 4271 idem
825 4215 864 4281 X,
881 4214 1023 4284 quidemn
