3720 4920
384 349 427 413 86
858 343 1041 413 Appendix.

384 504 414 559 et
428 501 459 559 in
473 499 623 574 euangelio
635 499 1035 575 inhocmodopraedieatur:
1051 500 1191 574 diliges
1206 500 1393 559 Dominum
1408 499 1516 559 Deum

384 604 483 660 tuum
506 601 542 659 in
563 603 641 660 toto
669 602 777 662 corde
800 605 862 662 tno
884 606 919 661 et
940 603 977 659 in
1000 605 1078 661 teta
1099 603 1218 661 anima
1241 606 1304 661 tua
1325 604 1360 661 et
1381 601 1417 661 in
1439 604 1519 662 tota

384 703 615 778 cogitatione
645 705 723 780 tua,
762 706 809 776 et,
838 704 979 778 diliges
1005 703 1207 778 proximum
1236 703 1308 762 tibi
1336 705 1519 777 tamquam

384 807 430 865 te.
452 806 489 864 in
510 804 568 864 his
601 804 693 864 enim
727 806 868 865 dnobus
890 806 1107 880 praeceptis
1136 809 1215 866 tota
1243 806 1304 864 lex
1326 805 1464 880 pendet
1485 808 1521 866 et

384 907 601 982 prophetae,
635 906 711 966 sicut
732 911 763 967 et
785 909 905 968 Ioannes
927 909 1106 982 euangelista
1128 909 1216 968 dicit:
1250 911 1286 967 et
1316 909 1430 967 omnis
1460 908 1542 982 quis

384 1009 517 1083 diligit
540 1025 579 1068 ex
601 1009 672 1069 Deo
694 1013 802 1069 natus
825 1016 881 1070 est
903 1014 938 1070 et
960 1010 1153 1084 cognoscit
1175 1010 1293 1082 Deum,
1317 1010 1401 1084 quia
1422 1010 1521 1070 Deus

385 1109 544 1171 dilectio
577 1111 642 1169 est.
676 1111 763 1170 sicuti
790 1114 820 1170 et
847 1112 924 1170 Deus
952 1113 1011 1171 ait:
1045 1111 1097 1171 ita
1131 1111 1225 1171 enim
1259 1111 1394 1170 dilexit
1426 1111 1521 1172 Dens

385 1212 550 1271 mnndum
572 1210 759 1272 utlilinm
792 1230 893 1271 snum
925 1214 1069 1273 unicum
1103 1213 1218 1284 daret,
1254 1215 1292 1270 nt
1321 1213 1437 1273 omnis
1459 1212 1522 1286 qui

385 1313 519 1372 ineam
541 1315 709 1373 crederet
729 1332 797 1373 non
818 1315 977 1387 periret,
1006 1315 1066 1374 sed
1088 1314 1243 1373 haberet
1264 1314 1379 1372 uitam
1401 1317 1521 1373 aeter·

384 1431 474 1473 nam.
496 1417 530 1474 ut
543 1414 695 1474 manifeste
710 1419 864 1490 appareret
878 1432 943 1475 eum
958 1415 1010 1489 qui
1023 1416 1097 1475 hanc
1112 1416 1250 1490 diligendi
1265 1432 1318 1474 nos
1332 1419 1363 1474 et
1378 1412 1518 1488 diligendi
1527 1430 1557 1471 ro

384 1516 508 1577 anobis
534 1514 715 1576 dilectionem
736 1517 767 1576 in
788 1535 819 1577 se
834 1535 891 1577 nen
917 1518 1021 1577 habeat
1046 1518 1125 1577 inani
1150 1517 1327 1577 confessione
1343 1520 1373 1575 et
1387 1515 1521 1590 passione

385 1616 462 1679 nicil
481 1617 629 1691 prolicere,
654 1620 768 1692 quando
784 1619 878 1692 ipsum
893 1623 1014 1693 apparet
1028 1622 1057 1678 et
1072 1621 1185 1679 constat
1200 1619 1375 1678 haereticum
1390 1633 1453 1677 esse
1469 1615 1519 1690 qni

386 1717 418 1778 in
442 1717 531 1779 alium
553 1718 644 1778 Deum
671 1720 769 1779 credat
794 1720 856 1780 sine
884 1719 1031 1779 Christum
1056 1720 1144 1779 aliurn
1171 1718 1294 1793 accipiat
1319 1735 1404 1792 quam
1435 1735 1520 1791 qoem

385 1819 545 1894 scripturae
574 1820 642 1880 noui
668 1825 699 1879 et
724 1821 832 1880 ueteris
862 1820 1029 1880 testamenti
1059 1821 1209 1879 manifeste
1239 1819 1415 1894 praedicant,
1446 1835 1519 1892 quae

386 1924 499 1994 patrem
524 1922 748 1995 omnipotentem
773 1927 930 1983 creatorem
958 1923 1082 1982 omnium
1108 1925 1138 1981 et
1163 1920 1254 1980 tiiium
1283 1921 1346 1980 eins
1375 1921 1436 1979 sine
1465 1921 1557 1981 ob·rs

386 2023 524 2083 scuritate
550 2023 734 2082 annuntiant.
760 2024 874 2082 coemat
900 2023 975 2083 enim
1002 2023 1043 2084 eis
1070 2027 1102 2082 ut
1127 2022 1178 2082 alii
1199 2023 1235 2081 ab
1250 2022 1308 2081 alio
1324 2021 1383 2080 Deo
1398 2020 1522 2082 salutem

386 2124 574 2198 exspectanti,
588 2131 623 2183 et
634 2127 703 2185 tunc
714 2126 827 2184 demum
838 2128 938 2186 contra
948 2124 1109 2199 opinionem
1120 2142 1201 2183 suam
1212 2142 1230 2183 a
1242 2124 1356 2184 Christo
1365 2123 1418 2183 Dei
1430 2122 1522 2197 patris

385 2226 590 2299 omnipotentis
605 2226 742 2286 creatoris
757 2227 827 2300 tilio,
848 2245 932 2300 quem
947 2226 1229 2301 blasphemauerunt,
1246 2226 1275 2283 in
1290 2241 1411 2298 poenam
1426 2228 1521 2285 aeter·

387 2344 453 2386 nam
483 2328 661 2398 damnentur,
691 2344 755 2387 cum
784 2328 911 2387 iudicare
940 2328 1018 2386 Deus
1048 2326 1174 2399 coeperit
1204 2327 1345 2386 absconsa
1374 2327 1521 2385 hominum

387 2429 542 2489 secundum
567 2428 749 2501 euangelium
774 2446 826 2502 par
853 2428 999 2488 Christum
1024 2428 1130 2499 Iesum,
1157 2443 1191 2486 eo
1214 2428 1289 2500 quod
1309 2427 1338 2486 in
1354 2425 1449 2499 ipsum
1464 2443 1559 2488 nonno

387 2530 569 2602 crediderint,
584 2530 654 2589 licet
668 2531 759 2603 ipsius
774 2531 887 2589 nomine
902 2530 995 2589 abluti
1010 2530 1077 2589 sint.

347 2638 388 2696 14
430 2630 470 2690 Et
494 2648 584 2705 usqne
609 2631 679 2690 adeo
705 2648 787 2691 omne
813 2631 886 2690 illud
916 2631 1123 2690 haereticorum
1152 2631 1297 2704 baptisma
1325 2631 1521 2692 intercedente

388 2731 485 2806 aliquo
510 2732 665 2792 interuallo
690 2732 827 2806 temporis
854 2732 960 2806 corrigi
986 2735 1097 2807 potest,
1125 2732 1239 2805 siquis
1268 2732 1461 2806 superuixerit
1492 2733 1523 2791 et

387 2831 473 2891 fldem
498 2833 663 2904 correxerit,
689 2836 722 2892 nt
744 2834 821 2893 Deus
846 2837 944 2895 noster
965 2833 996 2892 in
1020 2834 1168 2906 euangelio
1194 2833 1348 2892 secundum
1362 2833 1469 2893 Lucam
1484 2832 1521 2891 ad

388 2933 544 3006 discipulos
565 2951 633 2994 snos
653 2929 765 2995 locotus
792 2938 837 2995 est
863 2935 976 2994 dicens:
1000 2935 1114 2996 habeo
1137 2937 1256 2994 autem
1279 2934 1380 2994 aliud
1403 2932 1557 3008 bapti-as

387 3052 464 3095 ama
484 3035 679 3110 baptizari.
700 3036 770 3095 item
785 3036 940 3096 secundnm
955 3037 1082 3096 Marcum
1104 3037 1141 3094 ad
1166 3035 1242 3095 tilios
1257 3035 1396 3095 Zebedaei
1421 3035 1521 3095 eadem

389 3137 500 3198 ratione
532 3137 652 3197 dixerit:
687 3137 849 3212 potestis
883 3138 1009 3198 bibere
1041 3137 1193 3198 calicem
1222 3153 1324 3211 quem
1346 3154 1411 3211 ego
1437 3135 1523 3196 bibo

386 3241 452 3297 aut
472 3239 702 3313 baptismate
725 3255 791 3313 quo
814 3255 878 3313 ego
901 3240 1069 3312 baptizor
1090 3238 1297 3313 baptizarit
1330 3240 1405 3312 quod
1435 3237 1523 3298 sciret

389 3339 521 3400 homines
542 3358 599 3401 non
621 3341 713 3400 solum
736 3357 812 3416 aqna
831 3358 931 3401 uerum
951 3341 1037 3401 etiam
1058 3340 1198 3416 sangnine
1219 3357 1270 3400 suo
1285 3339 1401 3414 proprio
1416 3339 1523 3400 hebere

388 3440 539 3516 baptisari,
562 3443 606 3501 ita
627 3445 660 3502 nt
674 3447 704 3502 et
718 3444 779 3502 solo
801 3443 855 3503 hoc
874 3443 1048 3517 baptismate
1068 3443 1207 3516 baptizati
1228 3442 1312 3501 tidem
1335 3441 1478 3516 integram
1492 3443 1558 3500 etao

386 3541 582 3616 dignationem
597 3544 737 3604 sinceram
752 3544 862 3604 lauacri
877 3544 988 3616 possint
1011 3543 1131 3616 adipisci
1146 3546 1176 3602 et
1191 3546 1311 3616 utroque
1327 3542 1409 3601 modo
1425 3541 1522 3614 bapti·

459 3766 657 3832 meotes.
682 3765 974 3831 Maecenat-40.
1037 3766 1094 3819 51.
1113 3765 1153 3819 Io.
1170 3766 1196 3828 4,
1215 3765 1283 3821 ta
1347 3763 1420 3817 710.
1438 3763 1463 3826 3,
1484 3762 1525 3817 16.

387 3851 425 3909 25
441 3853 504 3907 Luc
526 3851 566 3917 12,
585 3853 628 3907 50.
732 3852 766 3907 27
784 3851 866 3906 Marc.
885 3851 927 3916 10,
944 3851 988 3905 38.

461 4047 495 4099 12
512 4047 617 4115 quando
635 4046 723 4115 ipsum
741 4045 849 4114 accipet,
868 4061 948 4114 qnam
968 4047 1000 4098 nt
1018 4044 1077 4114 ipsa
1094 4045 1161 4109 cod,
1184 4045 1311 4113 quoniam
1329 4060 1358 4097 re
1376 4044 1435 4113 ipsa
1453 4044 1526 4098 cont

392 4134 545 4203 Bolerion
565 4150 646 4202 qoam
664 4137 696 4188 nt
713 4133 801 4203 ipsum
819 4139 947 4204 appareat
959 4136 987 4187 ct
998 4136 1102 4188 constet
1116 4134 1186 4188 coni
1205 4132 1345 4202 Ripcttias
1450 4131 1482 4185 11
1496 4133 1529 4184 ut

390 4221 491 4276 addidi
558 4221 816 4277 iddeumnostrnm
828 4219 885 4277 cod.
898 4227 953 4276 cto
1021 4220 1055 4274 31
1071 4218 1266 4288 dignationem]
1279 4217 1451 4273 dilectionem
1465 4216 1528 4288 Rip.
