3720 4920
353 311 411 378 176
815 305 999 376 Appendin

347 482 422 524 mam
437 466 554 539 decipit,
581 467 629 539 qni
644 485 701 525 nou
715 467 840 525 cauendo
854 466 998 526 contraria
1012 466 1105 523 noxiis
1119 465 1204 523 rebus
1220 467 1310 523 semet
1320 464 1382 536 ipsc
1397 481 1474 524 com·

347 567 467 626 miserit.
491 568 541 627 ille
557 572 651 628 autem
666 568 757 626 tutius
779 568 834 626 sibi
850 569 989 636 consulit,
1015 568 1066 639 qui
1088 571 1165 626 circa
1180 567 1269 626 malos
1284 583 1394 639 semper
1408 566 1474 624 inil-

348 669 401 729 dus
417 670 528 744 species
543 687 733 743 quascumque
748 669 846 728 noxias
867 669 1037 728 extimescit.
1072 686 1192 742 qnorum
1213 669 1380 727 distantiam
1394 668 1474 727 Salo·

348 790 414 831 mon
430 773 566 832 disseruit
581 774 692 832 dicens:
727 772 878 845 sapiens
900 773 1060 830 timendo
1083 770 1295 830 declinabit
1316 771 1360 830 ab
1382 770 1474 830 omui

348 875 453 933 malo:
488 875 679 947 insipiens
700 878 818 933 autem
840 873 1035 932 confidens
1064 875 1120 932 sui
1141 874 1318 933 miscetur
1339 873 1496 947 iniquos

347 993 483 1049 maguum
503 978 661 1048 sapientiae
682 976 794 1034 diuinae
808 975 957 1033 consilium
973 975 1122 1033 inuentum
1137 978 1198 1045 est,
1221 975 1271 1032 nbi
1291 975 1403 1034 timoris
1423 992 1476 1033 an·

348 1076 416 1137 rilio
431 1078 593 1138 liberemur.
615 1095 719 1152 magna
733 1078 889 1150 conpendia
903 1076 1116 1150 prouidentiae,
1138 1076 1338 1151 utaliquando
1353 1077 1405 1135 liat
1419 1076 1476 1135 uir·

349 1182 396 1238 tus
412 1184 442 1239 et
457 1181 580 1240 uictoria
595 1198 646 1252 per
660 1182 800 1239 timorem.
823 1196 928 1252 magna
941 1180 1069 1238 remedia
1083 1180 1221 1237 Dominus
1237 1181 1357 1238 contulit
1378 1181 1414 1237 ud
1429 1195 1476 1236 sa-

350 1282 455 1352 lutem,
482 1284 515 1339 ut
530 1282 636 1340 habeat
650 1284 680 1340 et
695 1282 813 1340 timidus
828 1280 957 1351 landem,
980 1281 1056 1339 sicut
1085 1280 1217 1339 Salomon
1237 1281 1341 1354 repetit
1363 1281 1476 1340 dimus:

348 1383 478 1441 beatus
504 1385 558 1441 uir
580 1386 641 1456 qui
663 1385 809 1442 ueretur
842 1384 961 1440 omnia
992 1400 1054 1454 per
1086 1386 1225 1441 metum.
1260 1381 1512 1440 inaestimabilium

349 1484 462 1543 Domini
479 1485 672 1544 misericordia
685 1502 758 1557 qnae
778 1483 902 1555 undique
918 1484 1027 1541 homini
1048 1500 1100 1541 suo
1115 1484 1237 1541 contulit
1251 1484 1372 1555 gloriam
1387 1487 1417 1542 et
1431 1485 1477 1541 in-

349 1586 616 1658 compreheusibilis
641 1586 735 1657 pietas
755 1602 826 1658 quae
850 1585 1004 1642 secundum
1025 1601 1137 1656 pugnas
1160 1585 1238 1643 dedit
1253 1589 1282 1643 et
1297 1587 1422 1658 palmas,
1445 1588 1479 1644 ut

350 1687 514 1743 confidendo
541 1687 729 1744 masculorum
755 1685 905 1743 saeuitiam
932 1703 1098 1758 superemus
1125 1690 1154 1744 et
1169 1686 1293 1744 timendo
1309 1687 1477 1745 feminarum

349 1786 546 1844 blandimenta
560 1787 718 1856 uincamus,
735 1788 883 1843 dummodo
899 1789 928 1844 et
944 1787 979 1844 de
995 1787 1102 1844 uirtute
1118 1789 1147 1844 et
1163 1789 1198 1845 de
1213 1787 1378 1845 infirmitate
1393 1804 1478 1860 super

350 1905 401 1946 nos
416 1889 523 1961 glorias
537 1889 675 1947 Dominus
689 1891 829 1961 operetur,
846 1891 877 1946 ut
892 1888 922 1945 iu
937 1889 1067 1947 omnibus
1083 1892 1112 1947 et
1127 1906 1177 1962 per
1193 1890 1287 1947 omnia
1301 1890 1477 1962 omnipoten-
1487 1907 1512 1946 ιι

351 1993 410 2047 tem
437 1994 527 2048 sumet
543 1991 603 2062 ipse
631 1992 751 2049 testetur
766 1990 898 2048 diuidens
924 1991 1100 2049 differentias
1127 1992 1349 2063 triumphorum,
1373 1994 1478 2051 uttam

350 2089 479 2148 consiliis
495 2108 579 2162 quarn
595 2092 703 2149 uiribus
718 2109 736 2148 a
750 2093 831 2149 nobis
848 2093 924 2149 bella
935 2092 1086 2151 uincuntur
1101 2109 1153 2149 nec
1168 2093 1193 2151 si
1204 2092 1378 2151 uinceremus
1390 2093 1479 2152 solius

354 2192 419 2249 iidci
446 2192 615 2250 fortitudine
640 2199 739 2251 contra
764 2193 941 2252 Salomonem
963 2210 1052 2252 uacua
1077 2197 1174 2251 essent
1199 2210 1284 2266 opera
1310 2195 1476 2266 sapientiae.

354 2312 430 2352 nunc
444 2294 535 2367 igitur
550 2295 707 2366 sapientiae
722 2312 801 2353 arma
816 2295 973 2367 gestanda,
1001 2297 1049 2354 ubi
1076 2296 1192 2354 feminei
1219 2299 1249 2354 et
1275 2296 1373 2354 uiriles
1394 2313 1478 2354 sexus

352 2399 496 2452 certamen
513 2395 653 2454 indicunt.
670 2396 743 2454 unde
759 2396 888 2453 Salomon
903 2396 945 2454 sic
960 2396 1080 2453 iustruit
1095 2396 1207 2454 dicens:
1231 2397 1513 2467 prudentiamne

351 2495 454 2568 iuquit,
478 2501 536 2555 fac
562 2501 680 2555 notam
701 2497 787 2568 tibi,
817 2500 855 2554 ut
877 2501 912 2554 te
935 2501 1061 2555 seruet
1089 2514 1106 2554 a
1134 2496 1423 2555 mulierealiena
1444 2501 1479 2555 et

351 2597 522 2668 pessima.
546 2597 641 2655 uidete
655 2616 730 2655 nuuc
745 2598 926 2670 prudentiam
942 2600 971 2655 in
988 2600 1044 2656 isto
1060 2599 1145 2667 bollo,
1161 2617 1217 2656 non
1232 2601 1313 2657 iidem
1329 2599 1411 2657 uobis
1427 2601 1477 2656 da·

232 2708 237 2715 '
350 2701 410 2756 tam
426 2714 488 2756 esse
505 2698 651 2756 uictricem
667 2715 738 2772 quue
751 2716 803 2756 nos
814 2699 980 2758 timiditatis
993 2701 1116 2758 remedio
1132 2701 1291 2771 liberasset,
1308 2704 1337 2758 et
1351 2704 1477 2759 contem·

351 2798 470 2872 plamini
493 2815 565 2871 quae
580 2804 648 2857 srrut
663 2801 742 2858 modo
758 2818 837 2858 arma
851 2803 995 2871 sumenda,
1013 2803 1039 2859 si
1055 2802 1143 2859 uultis
1159 2804 1265 2860 habore
1276 2803 1349 2875 legis
1363 2803 1477 2861 auxilia.

352 2903 442 2959 estote
457 2900 553 2958 timidi
574 2903 608 2959 ιιι
622 2902 687 2960 sitis
711 2902 860 2974 intrepidi:
890 2905 919 2960 et
933 2901 1002 2961 licet
1016 2903 1102 2961 timor
1117 2904 1146 2960 in
1160 2903 1312 2961 certamino
1328 2903 1478 2962 infirmitas
1487 2921 1512 2962 rc

352 3016 415 3059 esse
431 3002 573 3072 uideatur,
595 3005 689 3061 tamen
705 3004 858 3061 secundum
875 3004 993 3061 uerbum
1019 3004 1140 3076 apostoli
1169 3005 1290 3062 uirtus
1319 3006 1354 3061 in
1377 3005 1477 3062 iniir-

351 3103 484 3161 mitute
506 3103 591 3176 peri
594 3103 716 3162 icitur.
740 3104 912 3178 separamini
927 3105 1081 3179 deprecor,
1096 3107 1268 3179 separamini
1283 3124 1300 3163 a
1314 3107 1479 3180 contagione

350 3204 498 3277 pestifera.

418 3479 436 3531 4
454 3479 532 3532 Ριοιι.
553 3480 593 3543 14,
613 3481 653 3534 16.
840 3482 873 3534 10
890 3480 942 3533 Sir.
961 3481 1004 3545 25,
1023 3482 1065 3534 11.
1245 3482 1280 3535 20
1297 3483 1374 3538 Prou.
1393 3482 1418 3548 2,
1438 3483 1479 3535 16.

350 3565 432 3618 2611
452 3565 510 3619 Cur.
530 3566 570 3628 12,
590 3567 615 3619 9.

419 3838 437 3889 2
454 3838 541 3891 totius
562 3838 596 3891 0¹
697 3839 878 3892 iliberentur
896 3838 930 3893 0¹
1031 3840 1063 3891 11
1082 3839 1199 3906 undique
1218 3840 1248 3905 C,
1267 3839 1410 3907 unicuique
1427 3857 1445 3893 o

352 3939 400 3975 suo
419 3922 449 3984 Ο,
467 3939 543 3976 snam
562 3939 578 3975 c
733 3924 766 3978 13
784 3924 968 3979 confitendoe
1120 3926 1152 3977 15
1170 3924 1292 3978 dominus
1310 3925 1445 3994 glorisso

352 4010 386 4061 16
402 4011 460 4060 tarn
479 4016 529 4062 oin.
550 4009 573 4062 0
589 4009 621 4062 in
638 4025 693 4063 roe.
780 4010 812 4062 17
831 4009 886 4062 Nec
904 4009 934 4073 Ο,
953 4024 986 4060 no
1003 4027 1021 4062 c
1103 4010 1279 4064 nieorimuse
1383 4013 1416 4063 19
1434 4026 1479 4078 ge-

351 4093 449 4146 standa
467 4093 576 4149 suntO
663 4094 787 4150 uiriliso
875 4095 911 4148 20
927 4093 1050 4147 indicunt
1068 4094 1098 4160 O,
1115 4094 1280 4149 indiciture
1377 4097 1410 4147 21
1429 4095 1479 4149 ali·

352 4195 401 4232 ene
419 4179 454 4233 0·
523 4179 558 4231 27
576 4194 593 4231 u
611 4194 696 4232 omo
