3720 4920
400 352 465 417 218
873 346 1057 418 Appendix.

405 508 520 568 conlata
541 511 601 579 est,
624 512 656 567 nt
671 510 806 583 prouidus
820 524 878 566 non
891 508 925 565 ιιι
939 506 1110 580 praecipites
1125 508 1251 577 tueatur,
1277 508 1310 563 ut
1335 505 1401 564 illos
1422 504 1532 564 muniat

403 610 452 682 qni
468 612 635 669 renuntiant
651 609 906 683 inportunitatibus
922 608 1103 678 delictorum,
1129 622 1185 665 non
1201 623 1251 666 eos
1267 606 1317 680 qui
1331 623 1363 665 se
1378 608 1469 681 magis
1483 606 1529 665 iu·

400 711 532 784 portunis
547 712 661 772 delictis
676 713 851 785 inmergant.
878 711 976 770 custos
990 709 1073 768 nobis
1099 710 1185 768 datus
1200 710 1246 768 est
1260 708 1396 781 spiritus,
1427 709 1476 768 sed
1497 711 1531 767 ut

398 813 543 872 contraria
558 813 770 872 declinantibus
785 810 949 871 adsistendo
965 810 1127 880 subueniat,
1142 827 1199 868 non
1215 814 1248 868 ut
1266 809 1409 868 contraria
1419 810 1529 882 eligen-

399 914 477 973 tibus
492 915 601 987 faueat,
617 932 670 975 nec
686 916 718 974 ut
733 912 911 974 uoluntarios
926 914 957 971 et
971 929 1075 986 pronos
1090 912 1120 970 in
1135 913 1257 971 aduersa
1269 911 1420 984 confortet,
1436 911 1486 971 sed
1496 914 1551 970 ute
1581 908 1583 912 ’

399 1017 435 1076 ab
456 1017 587 1076 aduersis
610 1019 737 1076 nitentes
752 1016 879 1089 separari
894 1014 1050 1074 confirmet.
1079 1031 1145 1073 nam
1171 1015 1340 1088 quicumque
1363 1013 1530 1086 perniciosis

400 1118 549 1177 conatibus
563 1120 651 1177 audet
666 1134 795 1177 exercere
811 1118 957 1187 uirtutem,
974 1119 1106 1175 iuuamen
1121 1133 1178 1175 nou
1193 1118 1282 1175 babet
1296 1114 1415 1188 spiritus
1427 1114 1529 1186 sancti,

400 1220 449 1292 qui
465 1220 608 1278 neminem
624 1220 688 1278 uult
702 1220 863 1278 ultroneum
889 1219 982 1276 uirum
1009 1218 1112 1276 fortem
1127 1218 1165 1276 ad
1181 1218 1378 1276 baudolentas
1393 1216 1531 1277 uictoriae

397 1321 535 1379 marteri:
559 1338 612 1379 noc
638 1322 763 1393 protegit
778 1336 853 1391 eum,
879 1320 949 1393 quin
974 1321 1059 1378 immo
1086 1320 1137 1379 sed
1154 1320 1271 1390 deserit,
1294 1336 1378 1393 quem
1393 1318 1529 1391 periculis

398 1421 557 1480 innuentem
574 1437 624 1494 per
640 1422 767 1480 inlicitos
782 1425 903 1481 euentus
918 1422 1066 1495 exquirere
1089 1423 1251 1495 triumphos
1266 1421 1426 1494 agnouerit,
1453 1420 1567 1480 sicutne

398 1522 459 1596 ipse
475 1523 531 1582 iam
547 1527 616 1582 tuno
629 1540 682 1597 per
697 1523 873 1582 Salomonem
891 1524 1002 1582 locutus
1027 1527 1072 1582 est
1099 1524 1212 1582 dicens:
1243 1539 1367 1582 amans
1388 1522 1529 1594 pericu·

400 1625 471 1683 lum
495 1626 530 1684 in
554 1627 635 1700 ipso
657 1625 788 1698 periet.

344 1731 388 1789 43
445 1727 550 1786 Ordine
566 1745 617 1786 sno
633 1728 722 1800 igitur
736 1745 795 1787 non
810 1731 907 1786 nostro
933 1727 1053 1785 arbitrio
1080 1729 1175 1785 uirtus
1201 1729 1294 1787 sancti
1309 1728 1428 1800 spiritus
1442 1728 1528 1786 mini-

398 1830 508 1886 stratur
523 1833 553 1888 et
569 1831 724 1888 secundum
738 1829 904 1887 institutum
921 1829 981 1887 eius
998 1829 1107 1902 proelia
1128 1833 1345 1903 prosperantur.
1375 1846 1528 1902 numquam

397 1929 453 1987 nisi
469 1931 678 2003 praecipitatus
693 1933 834 1990 exercitus
850 1931 963 2000 cecidit,
990 1932 1040 2003 qui
1065 1930 1168 1989 auidus
1195 1931 1312 1991 fortiter
1338 1932 1432 1990 facere
1447 1931 1565 1990 ducissa

396 2030 444 2090 uel
458 2030 642 2103 imperatoris
656 2032 702 2090 sui
718 2032 919 2104 dispositiones
935 2031 1062 2104 inrupit:
1093 2032 1183 2091 multo
1207 2033 1299 2105 magis
1319 2033 1528 2105 perpetituram

397 2135 496 2206 erogat
511 2133 719 2205 fortitudinem,
742 2135 791 2206 qui
806 2135 868 2193 sine
883 2135 971 2193 armis
986 2135 1131 2194 doctrinae
1146 2135 1279 2208 magistri
1301 2134 1420 2209 spiritus
1442 2151 1527 2209 prae·

397 2235 553 2305 sumpserit
568 2234 757 2307 triumphare,
784 2254 848 2294 cum
863 2236 954 2293 dicat:
987 2252 1049 2294 uas
1076 2237 1138 2309 qni
1167 2253 1230 2308 per
1257 2237 1527 2310 praesumptio·

396 2350 474 2391 nem
505 2351 603 2394 suam
632 2335 781 2407 aliquid
811 2336 969 2406 iaciunt,
1000 2353 1067 2394 nun
1097 2353 1162 2409 per
1192 2338 1298 2396 Deum

346 2442 387 2498 44
443 2434 473 2492 Si
503 2453 560 2508 qua
593 2437 683 2509 igitur
712 2438 743 2494 in
778 2437 859 2495 uobis
893 2441 937 2496 est
966 2438 1070 2497 fiducia
1098 2439 1203 2497 uirium
1232 2438 1421 2512 spiritalium,
1459 2440 1564 2513 quidro

396 2536 543 2608 spiritales
585 2540 686 2597 deceat
733 2540 910 2609 recordetur,
959 2543 988 2598 et
1030 2541 1056 2598 si
1099 2541 1216 2599 creditis
1262 2558 1313 2599 uos
1358 2540 1529 2612 spiritaliter

395 2637 539 2711 militare,
584 2637 732 2713 agnoscite
774 2642 848 2713 quod
890 2641 1021 2701 docemus
1070 2658 1125 2700 uon
1167 2658 1231 2701 esse
1272 2643 1402 2714 carnale,
1452 2643 1528 2702 sient

396 2740 505 2798 Paulus
520 2741 670 2814 apostolus
683 2739 812 2814 loquitur
826 2742 940 2801 dicens:
965 2743 995 2801 si
1017 2744 1100 2817 quis
1122 2746 1231 2816 putat
1253 2761 1290 2802 se
1312 2746 1526 2818 prophetam

395 2857 475 2901 esse
498 2846 565 2902 aut
588 2841 818 2917 spiritalem,
842 2849 1043 2917 cognoseat
1065 2862 1156 2917 quae
1179 2847 1302 2905 scribo
1325 2846 1438 2907 uobis.
1469 2863 1527 2905 non

393 2947 439 3002 est
465 2947 540 3018 quod
566 2945 648 3004 uobis
668 2944 699 3002 in
725 2945 780 3004 bac
801 2946 984 3018 persuasione
1006 2948 1170 3020 deceptoria
1185 2948 1382 3018 blandiamini,
1409 2953 1442 3007 ut
1457 2949 1561 3023 quiars

393 3043 540 3116 spiritales
563 3045 646 3118 estis,
669 3045 767 3105 uelitis
789 3047 866 3106 inter
887 3047 1094 3120 flagitiosorum
1117 3052 1293 3108 armamenta
1315 3051 1436 3121 uersari,
1471 3067 1526 3110 nec

392 3162 444 3204 uos
471 3147 615 3206 inhabiles
636 3164 699 3206 esse
720 3165 771 3220 pro
793 3149 945 3207 clericatus
968 3150 1121 3222 dignitate,
1149 3152 1218 3222 quia
1232 3152 1388 3209 maioribus
1402 3153 1524 3212 maiores

393 3252 566 3307 consuerunt
592 3246 818 3310 conflictationes
845 3267 1000 3311 occurrere.
1023 3252 1118 3311 acrius
1134 3253 1274 3311 diuitibus
1289 3269 1374 3325 quam
1388 3254 1525 3327 pauperi·

287 3398 292 3407 .
394 3352 449 3409 bus
472 3351 619 3410 inuidetur
641 3355 670 3410 et
691 3370 748 3411 non
763 3354 862 3426 inopes
878 3355 927 3413 sed
943 3354 1101 3428 locupletes
1116 3355 1260 3426 inquietat
1274 3351 1423 3415 infestatio
1438 3374 1525 3417 saeua

461 3619 492 3670 11
512 3618 564 3672 Sir.
582 3618 607 3683 3,
626 3620 669 3673 26.
774 3620 808 3673 18
826 3617 865 3673 l?
968 3621 1003 3673 23
1021 3622 1036 3674 1
1054 3620 1113 3675 Cor.
1134 3622 1175 3685 14,
1193 3622 1236 3676 37.

457 3864 475 3917 4
492 3865 693 3919 declinantibus
712 3868 776 3921 Gcl
794 3885 829 3922 ea
847 3870 864 3922 d
881 3887 916 3923 m.
935 3873 956 3922 2
1069 3873 1237 3940 elegentibus
1260 3874 1283 3928 O
1393 3874 1410 3927 5
1428 3874 1522 3929 uolun-

389 3948 460 4001 tario
479 3953 520 4001 set
543 3951 566 4005 0
670 3951 739 4005 uae
756 3969 806 4007 om.
829 3954 852 4009 0
953 3956 970 4008 9
988 3973 1048 4011 eum
1072 3957 1101 4019 0,
1120 3957 1234 4012 illumo
1339 3959 1520 4027 reperiere,

388 4034 488 4103 peribit
506 4053 523 4089 v
627 4037 661 4092 16
678 4040 871 4107 perperiturem
890 4040 919 4104 0,
937 4057 1073 4111 perperam
1091 4060 1108 4097 c
1209 4044 1245 4098 20
1263 4043 1327 4112 quid
1345 4061 1380 4100 ea
1398 4046 1444 4114 qui
1466 4045 1489 4102 0

387 4121 420 4172 21
439 4121 610 4175 recordemur
628 4140 652 4186 v,
671 4125 847 4178 recordemini
865 4127 1008 4181 Pometiae
1116 4128 1149 4181 27
1168 4130 1297 4183 clericatu
1318 4132 1352 4186 0¹
1465 4148 1521 4186 ma·

387 4204 456 4257 iores
474 4206 620 4259 maioribus
638 4224 655 4260 v
757 4210 795 4263 28
812 4215 1040 4267 ccusueuernnto
1145 4214 1361 4271 conflictioneso
