3720 4920
358 351 400 415 84
828 345 1015 417 Appendix.

355 505 629 564 tabernaculum
660 504 753 564 illud
781 503 900 563 Dauid
927 505 1020 578 quod
1042 503 1180 563 oooidit
1202 506 1349 576 atquae
1371 503 1486 563 demo·

354 606 425 666 lita
446 609 531 665 eunt
553 606 632 666 eius
654 606 922 679 reaedificabo,
945 609 981 664 et
1002 606 1115 666 douuo
1138 605 1274 679 erigam
1298 604 1408 677 illud,
1431 605 1487 664 uti

354 708 548 782 exquirant
584 709 722 768 residui
759 709 941 769 hominum
977 709 1085 768 Deum
1122 710 1158 767 et
1193 724 1315 768 omnes
1352 711 1488 781 gentes

354 825 463 883 anper
499 826 587 882 quae
624 810 834 870 iuuooatum
871 813 928 870 eet
964 826 1090 869 nemen
1127 824 1238 868 meum
1269 825 1383 882 super
1417 805 1517 880 eene,v

354 911 448 972 dioit
470 913 639 972 Dominus
661 913 803 973 iaciens
824 915 926 974 haee.
950 913 1048 987 itaque
1072 914 1102 972 ot
1116 912 1223 972 residui
1237 911 1382 971 bominum
1397 912 1427 970 id
1442 914 1509 973 ests

354 1013 470 1085 quidam
494 1015 663 1072 Indaeorum
677 1016 707 1072 et
720 1031 817 1073 omnee
840 1018 943 1087 gentes
958 1030 1045 1088 super
1059 1032 1131 1088 quas
1147 1014 1310 1072 inuooetum
1325 1015 1370 1072 est
1385 1029 1488 1073 nomen

354 1113 468 1174 Domini
495 1118 615 1189 possunt
628 1119 658 1174 ιι
672 1132 788 1176 ιιιιιιι
804 1117 913 1176 babent
926 1116 1073 1190 requirere
1088 1115 1251 1187 Dominum,
1279 1114 1347 1187 quia
1360 1114 1425 1187 ipsa
1440 1115 1486 1175 in·

355 1216 466 1276 notatio
481 1216 605 1276 neminis
619 1219 738 1291 praebet
753 1218 795 1278 eis
810 1218 986 1277 oooasionem
997 1218 1142 1277 ueletiam
1154 1217 1276 1291 imponit
1286 1217 1488 1276 necessitatem

353 1317 516 1392 requirendi
531 1320 695 1379 Dominum:
712 1337 775 1379 oum
791 1319 895 1393 quibua
911 1319 1092 1395 praecipiunt
1106 1318 1265 1393 scripturae
1281 1321 1406 1391 sanetas,
1423 1319 1486 1378 siue

356 1419 505 1478 uniuersas
530 1422 592 1480 siue
617 1423 763 1495 quasdam,
791 1426 888 1481 tamen
903 1423 1057 1480 audentius
1073 1422 1107 1479 de
1121 1421 1246 1479 ιιιίιιιι
1261 1422 1385 1478 tractare
1400 1437 1487 1493 quarn
1496 1439 1524 1478 ro

354 1535 419 1580 oum
440 1521 586 1594 gentibus,
608 1540 694 1596 super
708 1540 779 1596 quos
793 1540 851 1582 uon
866 1525 911 1582 est
926 1523 1091 1582 inuooatum
1105 1539 1207 1581 nomen
1222 1521 1336 1579 Domini
1351 1522 1417 1580 Iesu
1431 1520 1487 1580 fflii

353 1621 408 1681 Dei
422 1622 493 1694 uiui,
519 1624 604 1683 siouti
629 1639 682 1684 neo
708 1641 794 1698 super
819 1625 950 1697 Iudaees,
977 1624 1026 1698 qui
1052 1627 1164 1683 ueteres
1190 1626 1303 1682 tantum
1328 1623 1486 1696 scripturas

353 1724 504 1797 recipiunt.
528 1728 557 1784 ot
578 1725 641 1784 ideo
662 1726 810 1799 utriusque
833 1725 921 1784 buius
943 1726 1057 1799 generis
1079 1724 1208 1784 homiues
1230 1725 1261 1783 id
1282 1726 1326 1782 eet
1340 1723 1442 1782 Iudaei
1457 1727 1487 1783 et

353 1825 478 1898 gentiles
503 1825 588 1898 plene
602 1829 636 1885 ιι
650 1829 761 1900 oportet
787 1827 936 1886 eredentes
957 1826 1020 1900 pari
1034 1827 1116 1886 modo
1130 1826 1324 1900 baptizantur.
1348 1825 1486 1884 haeretiei

354 1942 421 1986 uero
447 1926 504 1986 iam
529 1927 669 2000 baptizati
697 1945 772 2000 equa
786 1928 816 1985 in
843 1927 956 1987 nomine
972 1929 1039 1986 Iesu
1054 1927 1172 1998 Christi,
1198 1928 1310 1985 tautum
1326 1927 1356 1984 in
1381 1927 1522 2000 spiritura

353 2030 452 2087 saneto
466 2028 631 2101 baptizandi
646 2031 733 2087 suut:
756 2032 785 2088 et
800 2029 830 2088 iu
846 2030 920 2104 Iesu,
947 2029 1022 2103 quod
1036 2045 1139 2088 nomeu
1154 2027 1245 2087 solnm
1261 2027 1419 2087 detumeat
1434 2029 1489 2087 eub

353 2129 441 2200 eaelo,
468 2130 499 2187 iu
525 2146 580 2203 quo
606 2133 734 2203 oporteat
759 2130 855 2191 saluos
881 2131 943 2190 fieri
969 2146 1032 2202 nos,
1060 2131 1161 2188 merito
1186 2146 1262 2187 mors
1288 2129 1487 2203 contemnitur,

354 2230 488 2302 quoniam
504 2230 529 2288 si
543 2230 587 2289 sie
609 2234 804 2308 perseuereut,
834 2230 909 2290 salui
931 2247 1066 2290 essenon
1082 2235 1210 2304 pessunt,
1238 2231 1377 2302 quianon
1392 2231 1488 2304 requi·

355 2329 484 2390 sinerent
507 2330 658 2390 Dominum
681 2334 747 2405 post
769 2333 978 2392 inuocationem
1001 2333 1124 2391 nominis
1145 2332 1207 2391 eius
1229 2349 1391 2406 supensos,
1413 2333 1490 2392 siout

353 2433 383 2488 ιι
409 2430 454 2490 illi
477 2434 496 2502 †
518 2431 618 2505 quiin
640 2448 689 2491 eos
705 2432 836 2492 Christus
852 2434 901 2505 qui
917 2433 991 2492 forte
1006 2434 1119 2493 eredere
1134 2434 1296 2504 noluerunt,
1323 2435 1357 2492 de
1384 2433 1524 2508 quibuero

352 2530 491 2592 Dominus
519 2534 580 2591 ait:
614 2536 741 2592 cauete
773 2551 815 2592 ne
848 2534 929 2607 quis
962 2551 1027 2594 uos
1061 2534 1098 2592 in
1133 2552 1291 2595 errorem
1324 2536 1487 2596 indurat.

351 2631 460 2691 multi
486 2633 578 2690 enim
605 2634 756 2692 uenient
777 2634 814 2691 iu
835 2633 979 2692 nomine
1006 2649 1080 2692 moe
1110 2634 1294 2694 dieentes:
1318 2651 1382 2709 ego
1410 2652 1487 2694 aum

229 2769 232 2775 ·
352 2732 527 2792 cbristus
556 2736 592 2793 et
612 2734 749 2793 multos
771 2735 807 2792 iu
839 2751 998 2793 errorem
1028 2735 1214 2794 induoent.
1248 2736 1403 2795 etiterum
1426 2735 1484 2794 ait:

351 2837 438 2894 tuno
459 2835 491 2893 si
520 2835 581 2908 qui
611 2834 751 2894 dixerit
779 2835 901 2894 uobis:
931 2851 1014 2895 eooe
1036 2836 1096 2894 hio
1118 2835 1291 2896 christus
1322 2840 1385 2896 ιιι
1414 2836 1485 2909 bio,

350 2937 470 2996 nolite
493 2937 653 2998 eredere.
676 2940 832 3011 surgent
853 2937 947 2996 enim
970 2937 1252 3011 pseudochristi
1274 2941 1309 2997 et
1330 2938 1519 3012 pseudo-re

349 3039 554 3112 prophetae
577 3043 613 3098 ιι
635 3039 774 3098 dabunt
800 3039 908 3112 signa
937 3042 1125 3112 magnaei
1147 3043 1336 3112 portenta,
1367 3039 1424 3100 ita
1445 3043 1486 3099 ut

350 3145 493 3213 errent,
528 3141 671 3201 sitieri
699 3144 839 3215 potest,
874 3141 984 3199 etiam
1007 3140 1131 3201 eleoti.
1169 3158 1241 3214 ques
1271 3142 1396 3202 uirtutes
1426 3158 1483 3201 nou

350 3240 436 3301 dubie
461 3244 531 3303 tuno
555 3242 601 3302 illi
627 3243 681 3304 sub
706 3243 819 3303 nomine
841 3242 949 3302 Christi
964 3242 1081 3301 iaoient.
1105 3242 1136 3301 in
1150 3260 1206 3316 quo
1221 3243 1333 3303 nomine
1349 3243 1484 3304 uidentur

349 3343 465 3416 quidam
486 3345 574 3404 etiam
594 3346 677 3405 modo
697 3345 836 3419 quasdam
850 3343 973 3403 uirtutes
988 3344 1082 3403 faeere
1097 3346 1127 3402 et
1142 3343 1215 3403 falso
1228 3346 1408 3417 prophetare.
1432 3346 1484 3405 sed

350 3448 459 3504 eertum
474 3447 520 3504 eet
534 3463 593 3516 eos,
607 3445 683 3521 quod
697 3445 754 3520 ipsi
768 3462 825 3505 uon
841 3444 901 3504 siut
916 3444 1034 3517 christi,
1050 3449 1201 3519 propterea
1215 3445 1252 3503 ad
1267 3445 1412 3506 Christum
1427 3463 1483 3506 uon
1492 3461 1519 3503 so

348 3547 509 3618 portinere:
528 3549 763 3621 quemadmodum
777 3548 866 3607 etiam
880 3547 907 3606 si
921 3547 986 3619 quis
1001 3547 1143 3607 deeeisoat
1157 3564 1175 3604 a
1190 3547 1313 3618 Christo,
1329 3548 1483 3608 inhaerens

350 3648 412 3709 solo
427 3648 534 3708 nomini
550 3650 611 3709 eiua
627 3650 694 3727 [qni]
710 3666 766 3709 uon
777 3649 902 3709 multum
916 3647 1079 3720 adunatur,
1094 3647 1179 3707 immo
1194 3650 1287 3724 magia
1301 3649 1355 3710 boo
1370 3650 1484 3711 uomina

349 3751 437 3810 etiem
451 3754 595 3824 oneratur,
611 3753 678 3812 lieet
693 3753 780 3811 fuerit
796 3755 882 3811 autea
896 3750 1080 3810 fidelissimus
1094 3754 1145 3810 aut
1156 3751 1330 3812 iustissimus
1342 3755 1393 3811 aut
1407 3753 1483 3812 clero

349 3849 446 3926 aliquo
463 3853 618 3914 honoratus
633 3856 684 3913 aut
699 3852 887 3913 confessionis
908 3851 1051 3924 dignitate
1065 3851 1224 3925 praeditus.
1246 3851 1279 3911 bi
1294 3852 1369 3912 euim
1385 3870 1483 3913 omues

416 3999 450 4053 21
468 3999 568 4054 Matth.
587 4000 629 4064 24,
646 4001 672 4054 4.
690 4003 714 4055 b.
733 4000 776 4056 11.
880 3999 915 4054 24
932 3998 1034 4053 Matth.
1052 3999 1094 4064 24,
1112 3999 1154 4054 23.
1173 4000 1215 4054 24.

418 4155 451 4207 11
470 4155 538 4225 iesu]
556 4155 583 4209 id
602 4158 644 4210 eet
661 4155 719 4210 iesu
737 4155 801 4225 Rip.
879 4154 913 4209 16
929 4156 958 4207 et
976 4154 1015 4224 in]
1034 4155 1134 4209 etenim
1149 4154 1216 4219 fort.
1293 4155 1327 4209 18
1345 4155 1484 4225 quoniam]

347 4255 430 4308 quam
448 4240 511 4312 Rip.
580 4241 616 4297 20
632 4241 677 4296 illi
694 4241 741 4311 qui
759 4240 794 4296 ob
811 4238 1115 4310 pseudochristosiorte
1133 4242 1203 4298 coni.
1228 4241 1314 4298 oxea.
1385 4241 1420 4297 32
1435 4242 1484 4310 qni

347 4327 457 4384 maai.
