3720 4920
551 346 597 400 De
614 344 747 416 duplici
764 346 932 418 martyrio
951 363 973 402 c
991 347 1103 404 35-38.
1327 351 1393 417 245

300 500 418 562 Ethnioi
433 505 537 578 putant
551 503 650 578 plures
664 519 727 564 osse
742 504 820 577 deos,
844 507 874 564 et
889 505 943 565 hoc
957 504 1013 565 tibi
1028 505 1134 566 uideris
1149 507 1291 581 periectos
1307 506 1389 567 Chri·
1401 508 1442 568 37

257 604 384 678 stianus,
399 607 474 680 quod
489 624 656 680 persuasum
671 608 761 667 habes
777 625 867 667 unum
885 624 949 668 esse
965 608 1078 669 Deum?
1103 610 1172 685 quid
1187 611 1283 685 magni
1298 608 1391 671 iacui

258 706 335 767 idem
350 708 472 767 credunt
486 709 586 769 Iudaei
600 708 650 783 qni
664 709 791 783 quotidie
807 709 1009 785 blasphemant
1020 710 1050 769 in
1062 711 1218 788 synagogis
1228 714 1305 774 suis:
1318 715 1392 773 idem

257 812 380 874 credunt
391 811 542 872 daemones
551 813 581 871 ot
590 811 819 878 contremiscunt.
828 811 854 871 si
864 828 931 872 uero
939 813 1032 873 orodis
1042 814 1072 872 in
1082 813 1183 887 Deum,
1195 816 1277 875 crede
1287 815 1392 876 iustum

236 915 440 974 sotueracem:
454 913 561 974 iustum
570 912 599 971 in
607 914 819 974 remunerandis
831 914 887 989 piis
897 916 927 974 et
937 915 1089 988 puniendis
1100 916 1206 991 impiis,
1222 934 1350 979 ueracem
1362 919 1392 977 in

258 1016 418 1091 promissis,
432 1018 514 1076 crede
521 1033 576 1075 non
583 1032 644 1075 esse
652 1032 731 1089 spem
737 1017 851 1087 salutis,
867 1017 924 1075 nisi
935 1016 1082 1090 partilium
1093 1018 1392 1094 eiusquempronobis

258 1119 391 1180 omnibns
407 1118 529 1177 tradidit
544 1118 574 1175 in
589 1119 724 1177 mortem:
740 1119 822 1177 crede
834 1117 908 1176 nihil
924 1118 1053 1179 accidere
1067 1120 1136 1179 mali
1148 1137 1233 1195 posse
1245 1121 1282 1180 iis
1296 1122 1346 1196 qui
1361 1140 1392 1182 se

257 1223 336 1281 totos
351 1219 433 1279 iilius
445 1218 587 1279 uoluntati
604 1219 783 1278 tradiderunt
797 1222 826 1278 et
841 1220 872 1278 in
884 1220 936 1279 illo
948 1224 1142 1294 personarunt.
1158 1222 1213 1283 hoc
1223 1226 1269 1282 est
1280 1224 1393 1283 credere

259 1322 291 1381 in
305 1323 398 1383 Deum
413 1324 535 1395 patrem,
562 1322 616 1380 hoc
641 1323 687 1380 est
712 1321 827 1382 credero
853 1322 884 1380 in
905 1322 998 1383 filium
1013 1323 1085 1396 eius,
1107 1325 1162 1384 hoc
1175 1327 1220 1385 est
1235 1327 1348 1386 credere
1363 1326 1393 1384 in

221 1439 249 1480 ro
259 1425 400 1501 Spiritum
416 1427 556 1496 sanctum,
572 1442 659 1483 unum
675 1423 765 1484 Deum
780 1429 810 1484 et
820 1424 970 1485 ecclesiam
982 1427 1111 1486 sanctam
1122 1425 1274 1502 mysticum
1285 1427 1392 1488 Christi

259 1545 374 1603 corpus,
391 1529 473 1586 extra
488 1544 573 1601 quam
588 1544 645 1585 non
660 1530 706 1586 est
720 1526 800 1586 salus
815 1530 845 1587 et
866 1527 897 1586 in
912 1545 970 1601 qua
985 1546 1041 1588 non
1057 1531 1103 1587 est
1117 1528 1268 1602 pernicies.

303 1629 441 1703 Quisquis
456 1629 486 1686 in
502 1628 557 1686 tali
570 1630 653 1701 petra
666 1627 753 1701 podes
765 1628 854 1686 animi
869 1628 972 1701 fixerit,
989 1630 1128 1688 adumsm
1142 1647 1240 1690 omnes
1255 1632 1392 1691 tentatio·
1403 1629 1443 1689 38

258 1749 328 1791 num
344 1732 476 1791 incursus
492 1730 583 1790 stabit
597 1729 761 1790 immobilis.
777 1729 900 1805 exempli
916 1731 1026 1804 gratia:
1044 1731 1194 1792 lacessitus
1209 1750 1240 1793 es
1255 1733 1393 1805 conuicio,

259 1834 393 1908 suggerit
407 1833 462 1892 tibi
489 1850 554 1892 caro
576 1832 720 1892 uindictae
747 1832 944 1905 cupiditatem.
961 1833 1129 1908 prinsquam
1144 1835 1324 1908 respondeas,
1352 1836 1393 1894 sic

223 1935 358 2010 recogita
372 1939 483 1994 tecum:
506 1936 584 1995 hunc
605 1935 775 1994 maledicum
791 1935 935 1994 hominem
950 1934 1120 1994 subornauit
1142 1935 1274 1994 diabolus
1296 1939 1328 1994 ut
1350 1952 1394 1995 me

259 2037 378 2096 deiiciat
393 2053 426 2096 ac
442 2037 583 2095 deiectum
599 2037 710 2109 perdat,
727 2035 778 2095 sod
792 2036 925 2095 ausculta
940 2035 1009 2109 quid
1025 2038 1144 2095 suadeat
1159 2036 1312 2111 imperator
1327 2041 1394 2095 tuus

259 2138 307 2198 cui
323 2137 450 2198 militas:
466 2138 584 2211 beati,
601 2138 705 2212 inquit,
721 2138 841 2211 mites,
857 2139 1028 2212 quoniam
1052 2139 1126 2212 ipsi
1148 2139 1395 2213 possidebunt

259 2243 410 2312 terram,
444 2243 488 2298 et:
517 2256 594 2299 mea
617 2242 674 2298 est
705 2240 893 2312 uindicta,
929 2243 964 2299 et
992 2256 1057 2312 ego
1080 2240 1292 2301 retribuam.
1326 2242 1395 2316 qnid

260 2342 384 2402 suadeat
406 2342 582 2402 fortissimus
607 2340 657 2401 ille
681 2340 789 2400 Christi
815 2344 872 2400 dur
898 2341 1023 2402 Paulus:
1055 2359 1124 2402 non
1145 2342 1395 2418 nosmetipsos

223 2445 522 2516 eouindicantes,
557 2444 763 2515 carissimi,
797 2445 859 2502 sed
891 2444 975 2502 date
1004 2445 1121 2503 locum
1144 2446 1230 2504 irae.
1263 2444 1405 2506 eubolus

262 2546 351 2606 dicit:
374 2534 480 2605 ‘fruere
504 2546 632 2604 uindicta
647 2549 676 2603 et
691 2545 777 2618 perde
793 2546 883 2603 uitam
897 2530 1066 2603 aetornam'.
1096 2545 1173 2604 Deus
1189 2544 1275 2604 dicit:
1301 2534 1395 2605 ‘uince

261 2648 379 2708 inbono
395 2648 511 2717 malum,
527 2650 557 2705 et
568 2646 627 2706 noli
644 2646 778 2705 resistere
794 2647 879 2717 malo,
895 2650 925 2705 et
940 2646 1037 2719 accipe
1052 2663 1116 2705 cnm
1131 2645 1191 2707 tilio
1206 2663 1267 2705 meo
1282 2662 1393 2719 posses·

261 2750 373 2810 sionem
388 2748 471 2822 regni
486 2736 637 2808 coelestis'.
653 2764 717 2806 mox
732 2747 850 2820 dispice,
868 2747 926 2805 utri
938 2747 1034 2821 potius
1046 2747 1178 2822 expediat
1193 2749 1393 2821 obtemperare.

261 2851 333 2911 dicit
349 2851 404 2910 tibi
419 2867 470 2924 por
485 2849 743 2922 concupiscentiam
770 2850 849 2907 tuam
880 2849 1028 2908 diabolus:
1059 2836 1220 2910 ‘moechare
1246 2851 1275 2909 et
1300 2849 1393 2910 fruere

222 2967 251 3008 as
261 2954 436 3028 temporaria
445 2953 571 3027 corporis
583 2953 741 3026 uoluptate,
754 2953 784 3012 et
794 2955 855 3014 esto
864 2969 945 3011 mens
957 2968 1057 3011 seruus
1066 2955 1096 3010 et
1105 2952 1221 3011 coheres
1230 2943 1393 3026 gehennae?

261 3056 331 3117 andi
345 3055 442 3130 potius
459 3055 527 3128 quid
543 3055 621 3114 dicat
635 3055 688 3115 tibi
705 3057 798 3115 Deus:
819 3046 934 3128 ‘sperne
957 3054 1159 3127 temporariam
1175 3039 1352 3127 uoluptatem
1366 3059 1395 3114 et

259 3159 357 3232 accipe
372 3157 538 3231 centuplum
554 3159 644 3217 bonae
659 3158 849 3217 conscientiae
864 3156 1001 3231 gaudium
1017 3157 1047 3214 in
1063 3157 1118 3215 hoc
1132 3156 1246 3216 saeculo
1261 3158 1290 3216 et
1305 3158 1395 3216 uitam

259 3263 407 3320 aeternam
423 3259 452 3317 in
464 3249 582 3331 iuturo’,
600 3261 628 3318 et
639 3260 765 3333 expende
780 3258 839 3318 utri
855 3257 953 3332 potins
968 3257 1007 3316 sit
1018 3257 1248 3317 auscultandum.
1265 3257 1395 3332 suggerit

259 3363 315 3422 tibi
331 3380 384 3436 per
398 3362 494 3421 carnis
509 3362 644 3420 affectum
659 3362 750 3419 uoluti
766 3378 817 3434 per
832 3361 924 3420 Euam
939 3365 1057 3419 saunas
1069 3350 1145 3419 ‘niue
1161 3344 1334 3432 genialiter',
1362 3377 1395 3419 ex

224 3465 383 3524 maduerso
400 3464 471 3523 dicit
487 3463 635 3521 Christus:
659 3461 759 3521 beati
775 3462 1003 3536 quilugent,
1028 3460 1197 3534 quoniam
1220 3459 1293 3534 ipsi
1315 3477 1397 3518 con·

261 3565 486 3627 solationem
509 3563 709 3640 accipient.
732 3565 769 3623 ad
783 3566 904 3624 eundem
929 3562 1042 3624 modum
1058 3565 1093 3623 de
1109 3563 1212 3622 ceteris
1227 3561 1396 3622 tentationi·

262 3669 319 3727 bus
349 3668 441 3727 obiice
467 3666 606 3727 tentatori
630 3666 751 3740 clipeum
768 3666 987 3738 scripturarum,
1016 3665 1045 3722 in
1073 3665 1177 3737 quibus
1201 3664 1256 3723 tibi
1270 3663 1397 3737 loquitur

261 3769 339 3829 Deus
355 3788 413 3830 non
427 3769 538 3828 minore
553 3769 618 3839 iide,
635 3785 718 3841 quam
734 3768 760 3826 si
775 3767 830 3827 tibi
846 3784 942 3827 coram
957 3782 1006 3826 ore
1021 3767 1059 3825 ad
1073 3783 1105 3825 os
1117 3764 1291 3840 loqueretur.
1307 3783 1341 3826 ex
1350 3767 1397 3825 his

260 3872 440 3932 torrentibus
453 3889 531 3930 sume
544 3871 598 3930 tibi
609 3870 729 3944 lapides,
745 3870 849 3944 quibus
861 3869 982 3929 deiicias
994 3870 1148 3942 superbum
1165 3866 1290 3928 Goliath.
1307 3869 1397 3928 habes

225 3996 252 4036 as
262 3974 424 4047 exemplum
440 3973 589 4032 aDomino
604 3976 663 4043 tuo,
680 3972 722 4031 sio
737 3973 786 4031 ille
798 3971 957 4044 prostrauit
968 3970 1128 4029 diabolum:
1141 3987 1193 4029 nec
1204 3970 1321 4029 deiicias
1332 3971 1395 4029 ani-

332 4226 365 4279 17
384 4225 483 4279 Matth.
501 4226 527 4288 5,
545 4225 569 4278 4.
735 4224 769 4278 18
787 4224 865 4278 Deut.
884 4222 927 4282 32.
945 4223 980 4276 35
1150 4221 1184 4275 19
1202 4221 1276 4276 Rom.
1296 4222 1336 4285 12,
1356 4223 1397 4276 19.

259 4313 297 4369 30
316 4311 414 4366 Matth.
433 4313 458 4377 5,
477 4312 502 4366 4.
