3720 4920
691 1301 1150 1414 PRAEFATIO.

392 1590 471 1656 cnm
501 1591 661 1657 academia
689 1589 870 1656 litterarnm
897 1609 923 1656 c.
950 1590 1199 1657 vindobonensis
1229 1608 1346 1656 nonum
1376 1610 1488 1676 eorpus

348 1701 535 1785 scriptorum
570 1701 852 1769 ecelesiasticorum
881 1702 1052 1768 latinomm
1082 1703 1136 1785 qui
1165 1702 1205 1767 ad
1234 1704 1426 1786 optimorum
1455 1703 1489 1768 et

348 1812 635 1878 uetustissimorum
656 1813 798 1878 codicum
818 1811 913 1877 fidem
934 1812 1148 1897 redigerentur
1162 1814 1233 1878 ante
1248 1813 1305 1878 bos
1321 1833 1376 1879 sex
1390 1830 1489 1878 annos

349 1922 438 1988 edere
460 1922 685 2002 constituisset,
709 1921 856 2006 Cypriani
879 1938 972 2004 opera
994 1921 1172 1988 recensendi
1193 1941 1309 1988 munus
1329 1923 1410 1989 mibi
1430 1923 1488 1990 ob·

347 2033 443 2110 tuht;
469 2052 531 2116 qna
552 2033 586 2098 in
609 2051 643 2097 re
666 2031 781 2098 eximia
807 2032 875 2097 eins
900 2031 1093 2110 liberalitate
1118 2033 1264 2099 omnibus
1286 2033 1351 2099 iere
1373 2050 1488 2099 mann·

349 2143 475 2226 scriptis
495 2142 586 2208 libris
607 2160 739 2226 quorum
754 2143 789 2207 in
803 2142 976 2207 lectionum
995 2143 1112 2208 iudicio
1133 2145 1181 2208 est
1195 2143 1301 2226 aliqua
1316 2144 1489 2210 auctoritas

349 2252 429 2319 mibi
455 2253 504 2318 nti
530 2253 631 2333 licuit,
659 2255 696 2318 ut
718 2252 747 2318 si
768 2252 849 2318 hene
873 2254 1042 2319 editionem
1068 2273 1139 2319 eum
1165 2254 1294 2336 reliquis
1319 2253 1489 2320 contuleris

349 2361 510 2446 scriptoris
531 2363 628 2428 uerba
647 2362 821 2428 innumeris
840 2362 918 2427 loeis
939 2361 1103 2429 emendata
1121 2364 1154 2427 et
1173 2362 1214 2428 ad
1230 2363 1400 2446 genuinam
1421 2363 1487 2428 for-

348 2485 434 2536 mam
463 2470 590 2537 redacta
613 2472 767 2537 innsnias.
797 2489 835 2536 ex
859 2471 1120 2537 bibliothecarum
1146 2489 1221 2537 nero
1246 2472 1371 2537 scriniis
1396 2474 1489 2538 tanta

347 2580 500 2646 librorum
524 2581 698 2646 multitudo
720 2597 853 2664 quorum
876 2597 938 2660 non
961 2581 1104 2665 exiguam
1129 2583 1251 2664 partem
1271 2600 1364 2648 nemo
1384 2581 1488 2648 adhuc

348 2692 521 2772 inspexerat
540 2691 665 2774 praesto
687 2690 760 2769 fnit,
782 2692 821 2755 nt
841 2690 1051 2756 subsidiorum
1075 2691 1163 2772 copia
1181 2710 1280 2775 paens
1301 2692 1486 2757 laborarem.

347 2818 422 2865 nam
446 2816 508 2864 nen
530 2817 567 2864 ea
589 2801 638 2864 est
661 2799 775 2890 horum
800 2816 928 2882 operum
954 2799 1104 2883 condeio,
1129 2800 1163 2865 id
1186 2800 1268 2882 quod
1291 2801 1325 2866 in
1347 2799 1488 2883 profanis

349 2908 551 2991 scriptoribus
566 2926 627 2975 non
642 2908 689 2975 ita
702 2927 771 2975 raro
786 2910 931 2990 occurrit,
946 2912 984 2975 ut
998 2927 1105 2976 omnes
1119 2909 1239 2976 codices
1253 2929 1291 2976 ex
1306 2927 1366 2976 uno
1381 2910 1488 2978 codice

348 3021 514 3105 archetypo
538 3020 626 3086 ducti
648 3021 742 3086 unius
766 3021 831 3086 sint
852 3020 960 3104 stirpis
985 3022 1019 3086 in
1040 3039 1154 3103 paucas
1176 3022 1326 3104 quasdam
1350 3021 1488 3087 familias

349 3131 484 3208 dinisae;
506 3148 566 3213 qno
588 3130 673 3196 enim
687 3130 883 3215 frequentius
898 3134 931 3198 et
946 3131 1171 3199 lectitabantur
1184 3132 1217 3196 et
1232 3129 1488 3198 describebantur

349 3242 494 3329 Qpriani
519 3243 646 3327 scripta,
672 3261 707 3309 eo
727 3242 895 3325 procliuior
916 3243 985 3309 erat
1005 3243 1116 3307 bomm
1140 3241 1316 3309 emendatio
1335 3245 1368 3308 et
1387 3242 1488 3308 inter·

350 3354 469 3438 polatio
483 3372 580 3437 eoquo
594 3354 700 3436 plures
715 3352 902 3419 exstiterunt
917 3353 1059 3419 codicum
1072 3352 1212 3419 familiae
1223 3372 1322 3437 neque
1333 3353 1488 3419 intactam

348 3482 474 3531 snorum
509 3464 749 3547 archetyporum
784 3465 1003 3548 integritatem
1038 3466 1263 3530 conseruabant
1297 3461 1486 3548 apographa

349 3573 460 3641 deinde
479 3592 541 3641 non
557 3573 665 3640 mdem
682 3575 731 3639 est
745 3573 941 3659 singulorum
957 3592 1086 3658 operum
1101 3573 1239 3640 condicio
1254 3573 1311 3639 out
1326 3591 1389 3638 una
1402 3572 1487 3638 eius-

348 3686 420 3754 dem
444 3685 559 3752 cedicis
579 3704 636 3769 por
657 3685 798 3752 diuersas
819 3704 948 3767 operum
968 3688 1074 3767 partes
1095 3685 1281 3760 auctoritas;
1309 3703 1381 3748 eum
1402 3684 1487 3749 enirn

348 3797 473 3880 propter
502 3795 745 3881 amplitudinem
773 3795 832 3862 hoc
861 3815 973 3880 corpus
1001 3796 1218 3879 particulatim
1247 3793 1487 3872 describeretur,

349 3926 406 3975 sua
427 3908 476 3974 eet
500 3907 698 3992 singularum
723 3906 864 3991 partium
886 3928 903 3973 e
923 3907 1057 3975 diuemis
1078 3907 1255 3991 archetypis
1277 3905 1487 3989 prosectarum

350 4017 459 4085 critica
479 4017 571 4099 ratio,
593 4035 687 4084 sunm
708 4017 921 4084 subsidiorum
937 4018 1191 4084 instrumentum.
1214 4017 1292 4082 bene
1306 4015 1407 4100 igitur
1421 4013 1488 4082 sin·

350 4127 453 4214 gnlari
483 4129 619 4213 quodam
646 4146 719 4194 casu
745 4128 861 4208 euenit,
891 4129 928 4194 ut
953 4128 1096 4195 nonnulli
1126 4127 1246 4194 cedices
1276 4124 1488 4193 uetustissimi

351 4238 513 4323 eidemque
541 4238 740 4326 integerrimi
765 4238 859 4305 bodie
884 4241 1016 4318 exstent,
1043 4257 1174 4322 quorum
1202 4236 1319 4303 anxilio
1345 4235 1487 4301 difficilis

451 4359 504 4409 111.
1258 4359 1278 4406 a
