3720 4920
597 298 642 352 Ile
657 297 834 354 duodecim
851 289 1009 352 abusiuis
1026 295 1163 350 saeculi
1182 310 1205 350 c.
1223 294 1300 350 4-5.
1453 297 1516 362 159

380 472 495 534 loturo:
511 472 616 549 pudica
638 489 706 533 noro
730 448 797 532 ‘uita
819 471 924 532 lamam
950 474 1055 532 bonam
1076 471 1153 531 inter
1166 470 1296 531 homines
1318 468 1457 543 possidet,
1480 466 1516 526 do

378 592 432 651 ope
446 575 560 635 futurae
574 574 762 636 beatitudinis
776 575 893 650 gaudet.
917 572 1118 650 praesentibus
1133 574 1224 634 semet
1237 572 1331 646 ipsam
1345 569 1516 629 imitabilem

378 679 467 751 lacit,
489 679 612 754 posteris
636 676 799 737 memoriam
814 678 968 737 amabilem
987 676 1134 750 relinquit.
1156 674 1241 734 bonis
1261 691 1372 746 semper
1391 672 1517 731 moribus

380 781 541 841 delectatur
565 783 596 839 et
612 781 763 840 'consentit
785 784 815 840 et
835 779 965 839 adsiduis
985 779 1194 852 scripturarum
1223 774 1457 837 meditationibus
1487 775 1516 832 et

358 880 502 957 ⁸eloquiis
522 882 646 943 animam
672 885 798 958 uegetat.
821 882 958 942 bonorum
982 881 1212 956 praecedentium
1234 879 1364 954 exempla
1392 875 1517 938 custodit

379 986 410 1043 et
438 984 641 1058 inseparabilia
669 984 804 1059 parisatis
833 984 1021 1044 contubernia
1049 983 1149 1043 nectit.
1184 985 1295 1042 duobos
1323 996 1393 1055 ergo
1424 976 1517 1037 modis

380 1089 493 1148 constat
523 1104 608 1148 uerae
644 1087 799 1162 pudicitiae
827 1085 1012 1160 exercitatio,
1042 1085 1073 1145 id
1103 1088 1149 1145 est
1187 1083 1314 1159 corporis
1348 1082 1450 1143 babitu
1487 1082 1518 1137 et

380 1190 531 1263 superficie
561 1192 592 1248 et
612 1191 701 1249 animi
721 1190 825 1249 affectu
860 1189 981 1248 interno.
1013 1203 1066 1261 per
1095 1187 1263 1247 exteriorem
1293 1186 1373 1244 iuxta
1399 1184 1516 1257 aposto·

380 1293 441 1352 lum
478 1309 574 1353 coram
610 1291 774 1352 hominibus
806 1292 952 1366 exempla,
990 1306 1042 1364 per
1076 1289 1244 1348 interiorem
1279 1288 1392 1347 modum
1421 1301 1518 1345 coram

355 1394 448 1454 1⁰Deo
475 1395 657 1468 prouidemus
682 1410 768 1468 opera
787 1394 871 1454 bona.
894 1392 1035 1466 pudicitia
1048 1409 1172 1465 namque
1194 1393 1239 1450 est
1268 1388 1393 1461 corporis
1407 1386 1518 1445 alienas

381 1513 428 1556 res
468 1513 525 1555 non
566 1499 716 1570 appetere,
754 1512 865 1555 omnem
898 1492 1101 1554 inmunditiam
1139 1493 1278 1564 deuitare,
1314 1494 1381 1550 anto
1418 1491 1516 1549 horam

381 1614 536 1672 congruam
553 1614 610 1657 non
625 1601 742 1672 gustaro
757 1599 843 1669 uelle,
871 1597 962 1656 risum
977 1614 1034 1655 non
1049 1595 1184 1666 excitare,
1205 1595 1294 1654 uerba
1309 1609 1384 1652 uana
1398 1594 1427 1651 et
1442 1591 1518 1650 falsa

380 1718 438 1760 non
453 1700 547 1774 loqui,
570 1700 701 1760 habitum
715 1717 766 1773 per
781 1699 876 1759 omnia
898 1699 1063 1759 ordinatum
1084 1699 1288 1772 propositoque
1303 1693 1517 1755 conuenientem

381 1805 441 1861 tam
456 1803 625 1876 capillorum
638 1819 724 1876 quam
739 1802 863 1862 uestium
878 1802 954 1861 sicut
969 1802 1052 1862 decet
1066 1801 1183 1872 habere,
1196 1817 1260 1859 cum
1277 1796 1404 1879 indignis
1413 1798 1517 1857 contu-

347 1921 372 1960 m
381 1903 484 1964 bernia
498 1923 556 1965 non
571 1904 655 1977 inire,
670 1905 855 1980 supercilioso
871 1904 979 1964 intuitu
993 1904 1136 1963 neminem
1153 1902 1290 1976 aspicere,
1305 1900 1406 1990 uagari
1420 1899 1518 1961 oculos

381 2023 439 2066 non
454 2007 637 2080 permittere,
658 2007 818 2079 pompatico
834 2008 865 2065 et
884 2004 1063 2065 inlecebroso
1078 2019 1180 2078 massa
1195 2019 1252 2062 non
1265 2002 1413 2073 incedere,
1439 1999 1519 2058 nnllo

382 2107 501 2168 inferior
517 2108 546 2166 in
562 2107 675 2181 incepto
691 2109 765 2167 bono
781 2125 865 2183 opere
881 2124 1037 2182 apparere,
1063 2105 1136 2165 nulli
1152 2105 1352 2166 contumeliam
1367 2105 1419 2163 aut
1432 2103 1518 2162 rubo·

381 2227 442 2268 rem
457 2209 605 2281 incutere,
621 2210 761 2269 neminem
776 2208 992 2282 blasphemare,
1014 2225 1099 2268 sanes
1113 2226 1170 2267 non
1181 2207 1322 2278 inridere,
1354 2206 1447 2282 [bonis
1461 2222 1518 2263 non

381 2310 520 2386 inuidere]
539 2310 650 2370 meliori
665 2328 721 2370 non
736 2310 960 2383 controuersari,
977 2311 1012 2370 de
1028 2309 1074 2369 his
1090 2326 1164 2382 quae
1179 2310 1296 2383 ignoras
1309 2325 1366 2368 non
1380 2309 1517 2376 tractare,

346 2430 374 2472 so
383 2413 471 2472 etiam
482 2428 557 2486 quac
572 2411 630 2472 scis
645 2421 703 2470 non
715 2411 811 2471 omnia
825 2412 963 2485 prolerre.
979 2413 1051 2471 baec
1064 2427 1129 2471 cum
1144 2409 1281 2483 proximis
1295 2408 1449 2468 amabilem
1464 2410 1518 2467 ho-

380 2516 487 2574 minem
498 2515 631 2585 reddunt,
646 2517 677 2574 et
687 2514 745 2573 Deo
757 2514 963 2587 acceptabilem
975 2512 1096 2572 faciunt.
1112 2511 1251 2586 pudicitia
1261 2527 1327 2571 uero
1337 2510 1451 2570 animae
1462 2512 1517 2579 est,

381 2616 449 2689 plus
464 2618 582 2690 proptor
593 2615 757 2704 Deioculos
772 2632 856 2688 qnam
872 2614 997 2673 hominis
1010 2613 1107 2673 omnia
1120 2615 1196 2672 bona
1206 2611 1310 2685 lacere,
1325 2613 1517 2687 appetitiones

381 2717 510 2791 turpium
527 2717 730 2790 cogitationum
746 2733 941 2790 composcere,
972 2733 1070 2776 omnes
1085 2714 1217 2775 meliores
1232 2731 1337 2775 essese
1353 2714 1516 2783 aestimare,

383 2819 491 2878 nemini
506 2819 645 2890 inuidere,
661 2820 695 2878 de
713 2824 803 2878 semet
824 2819 887 2891 ipso
904 2817 977 2877 nihil
991 2817 1141 2888 confidere,
1157 2817 1208 2876 Ilei
1225 2832 1337 2890 semper
1351 2816 1458 2875 auxilio
1474 2833 1520 2873 res

346 2941 373 2981 sc
384 2937 482 2979 omnes
499 2919 683 2990 committere,
701 2922 766 2978 ante
782 2919 835 2979 Dei
851 2920 948 2978 oculos
960 2923 1051 2979 sonret
1067 2919 1160 2993 ipsum
1176 2920 1359 2987 constituere,
1376 2917 1520 2976 haeretica

455 3245 466 3296 l
489 3243 549 3296 uita
567 3258 629 3297 uero
650 3243 676 3295 V
781 3241 910 3312 possidet]
930 3243 1048 3298 habeto
1156 3244 1174 3296 2
1193 3241 1380 3311 beatitudinis]
1400 3258 1520 3296 remune-

383 3329 499 3382 rationis
518 3332 549 3381 Χ
657 3329 810 3396 bexempla
828 3345 878 3382 om.
903 3331 930 3382 V
1034 3329 1196 3399 spernetis
1214 3345 1264 3383 ona
1286 3331 1318 3382 X
1421 3329 1519 3381 icon·

383 3415 442 3467 atat
460 3430 486 3466 n.
505 3430 530 3482 p.
549 3414 599 3482 ex]
617 3415 749 3467 comtituo
766 3413 914 3481 pudicitiae
932 3415 1151 3468 exercitationem
1170 3417 1202 3467 Χ
1309 3414 1440 3467 deffectu
1463 3415 1489 3467 V

383 3499 540 3553 exteriorem
559 3499 667 3553 modurn
684 3518 702 3554 e
829 3499 864 3555 10
882 3501 1002 3570 corporis
1020 3504 1096 3554 cato
1231 3502 1263 3554 11
1282 3503 1406 3568 appetere
1423 3503 1486 3554 etc

384 3584 420 3637 12
436 3587 549 3652 gustare
566 3600 620 3638 non
638 3584 708 3638 nelle
724 3587 757 3637 X
869 3586 981 3639 excitari
999 3587 1030 3638 X
1152 3586 1186 3639 13
1203 3586 1466 3653 propositionemque
1488 3585 1520 3647 V,

383 3669 658 3738 compositionemque
680 3685 698 3724 o
847 3669 1032 3725 conuenienti»
1053 3673 1085 3723 X
1235 3671 1268 3724 15
1291 3671 1433 3741 supercilio
1457 3673 1489 3722 X

384 3755 419 3809 16
436 3755 507 3808 nulli
524 3755 614 3810 X²Vo
718 3757 751 3810 l‘l
767 3756 796 3809 in
815 3771 866 3810 oin.
888 3757 946 3809 ΟΧ
1054 3757 1123 3809 bono
1140 3771 1191 3809 eia.
1209 3757 1241 3808 X
1347 3757 1382 3810 18
1400 3755 1477 3809 bonis
1495 3773 1522 3809 n.

383 3838 504 3893 innidere
523 3854 574 3895 ona
595 3841 681 3894 OXV
790 3842 824 3895 19
842 3844 938 3896 eontra
955 3841 1057 3894 nemori
1078 3842 1102 3894 G
1209 3839 1246 3893 20
1263 3840 1357 3910 etiam]
1376 3842 1405 3894 et
1422 3855 1488 3894 eae

383 3926 455 3995 cnm]
473 3927 546 3979 enirn
569 3926 610 3981 Vc
730 3927 764 3979 21
782 3928 855 3996 uero]
874 3927 982 3981 enimv
1103 3927 1145 3979 cst
1163 3941 1214 3980 orn.
1240 3927 1266 3978 V
1381 3925 1416 3978 22
1433 3926 1523 3979 bomi-

384 4027 450 4066 num
472 4012 513 4066 Vo
599 4012 635 4067 23
651 4013 826 4083 compescere]
845 4012 965 4083 conspici
983 4013 1015 4066 X
1094 4027 1122 4065 so
1140 4027 1198 4065 esso
1214 4029 1240 4074 o,
1256 4027 1341 4065 essen
1360 4011 1394 4074 G,
1411 4027 1439 4065 ae
1457 4015 1488 4064 X

384 4096 420 4151 24
437 4097 551 4167 semper]
570 4100 662 4152 autern
683 4098 711 4153 V
786 4099 822 4152 25
840 4097 884 4153 dei
895 4139 901 4152 .
912 4141 918 4151 .
930 4137 935 4148 .
948 4099 1117 4152 committere
1135 4096 1201 4152 cdd.
1219 4097 1251 4150 ia
1267 4112 1351 4166 morp.
1372 4096 1397 4148 (l
1414 4112 1450 4151 m.
1468 4101 1487 4150 2

383 4182 519 4252 seipsum
537 4186 570 4237 Χ
672 4184 844 4254 mustitoere]
863 4182 998 4239 custodire
1020 4183 1048 4238 V
