3720 4920
1367 344 1431 392 x1x

330 474 457 541 Codices
478 494 554 560 quos
575 478 698 561 praeter
718 476 888 561 descriptos
909 481 1084 546 uestustate
1103 479 1243 566 insignes
1264 479 1383 546 contub
1399 482 1431 656 et
1439 495 1576 610 &aaz

1399 611 1416 656 c

287 586 493 653 maurilium
519 588 631 654 uocaui
653 590 700 655 ita
722 591 796 655 sunt
821 592 1001 674 comparati,
1024 593 1062 656 ut
1083 591 1229 673 quamuis
1255 592 1376 658 uirtute
1552 672 1556 678 ⁴

286 698 387 781 pretio
409 698 475 762 sint
495 697 665 764 dissimiles
688 700 796 765 nullus
818 703 922 765 tarum
943 702 1017 766 adeo
1032 720 1105 783 prae
1121 701 1232 780 ceteris
1247 701 1431 787 integritate

284 807 419 873 excellat
434 826 527 890 quem
541 807 591 872 his
606 810 758 893 neglectis
774 829 872 875 unum
887 798 1012 876 amulius
1024 809 1056 875 in
1068 811 1145 876 locis
1160 811 1265 877 dubiis
1280 813 1430 895 sequaris.

285 936 359 983 nam
379 937 416 984 ea
436 922 485 985 est
505 920 587 984 inter
609 920 664 984 hos
686 939 766 985 saec.
788 919 926 985 lX-XI
947 921 1044 986 libros
1065 921 1284 1004 discrepantia,
1306 923 1345 988 ut
1359 923 1431 987 anto

287 1029 448 1094 sacculum
473 1046 591 1094 nouum
611 1011 768 1114 insignem
791 1029 997 1096 mutationem
1020 1046 1081 1095 nou
1102 1049 1138 1096 ax
1159 1031 1360 1097 librariorum
1380 1032 1431 1097 in·

289 1139 376 1204 curia
390 1139 589 1221 repetendam
605 1140 659 1204 sed
675 1157 711 1204 ex
726 1139 1002 1224 grammaticorum
1018 1139 1232 1206 emendatione
1246 1142 1430 1223 profectam

288 1249 377 1315 cuius
394 1252 510 1315 testem
526 1249 733 1315 Veronensom
749 1248 1015 1333 deprehendimus,
1031 1250 1065 1316 in
1080 1249 1226 1335 Cypriani
1242 1253 1432 1337 exemplaria

288 1359 406 1441 passim
426 1360 591 1442 inrepsisse
607 1361 811 1427 statuendum
827 1361 879 1426 sit.
897 1361 935 1426 de
948 1361 999 1427 his
1013 1362 1105 1426 rebus
1121 1364 1299 1428 accuratius
1314 1364 1431 1445 poterit

286 1471 364 1535 tunc
384 1470 512 1534 domum
534 1470 677 1549 iudicari,
700 1491 772 1537 cum
787 1471 971 1555 Hieronymi
993 1474 1025 1538 et
1038 1473 1212 1557 Augustini
1232 1491 1326 1557 opera
1346 1475 1431 1540 iusta

288 1581 487 1647 amotatione
510 1582 620 1647 critica
640 1583 795 1648 instructa
808 1582 989 1664 prodierint.
1013 1583 1047 1648 id
1062 1584 1147 1648 certo
1163 1586 1284 1649 consul
1300 1586 1332 1649 et
1347 1586 1430 1667 ipsos

283 1690 428 1756 diuersae
449 1692 634 1757 recensionis
657 1692 845 1776 exemplaria
860 1690 1006 1776 Cypriani
1021 1710 1119 1776 eaque
1133 1693 1323 1777 interpolata
1338 1713 1430 1760 usur-

286 1819 386 1883 passe.
416 1803 471 1867 sed
498 1822 569 1868 cum
598 1805 773 1870 secundarii
803 1805 923 1871 codices
948 1820 1021 1883 non
1036 1825 1073 1869 or
1097 1805 1155 1870 illo
1181 1822 1242 1887 quo
1266 1803 1287 1869 S
1313 1806 1368 1871 sed
1394 1823 1430 1868 ex

287 1910 429 1975 diuersae
450 1931 576 1993 prorsus
597 1914 785 1980 recensionis
805 1915 970 1999 archetypo
985 1933 1042 1981 nec
1057 1917 1166 1980 eodem
1181 1914 1307 1996 quidem
1323 1932 1438 1979 omnes.

286 2021 452 2106 propagati
482 2022 556 2102 sint,
590 2023 629 2088 ad
659 2022 853 2108 Segnioriaui
878 2024 953 2089 libri
984 2024 1035 2090 uel
1064 2024 1178 2089 menda
1208 2023 1349 2088 tollenda
1378 2024 1430 2088 uel

288 2130 508 2198 insolentiores
534 2132 705 2214 scripturas
731 2135 833 2216 magis
860 2134 1086 2200 confirmandas
1111 2152 1173 2198 non
1199 2133 1281 2198 nihil
1307 2134 1430 2210 ualent;

289 2241 345 2306 ubi
356 2259 429 2306 uero
442 2240 463 2307 S
474 2243 590 2308 codicis
602 2242 688 2308 foliis
705 2243 874 2327 deperditis
889 2244 938 2309 his
953 2244 1018 2308 iam
1034 2244 1109 2308 solis
1124 2243 1222 2308 uerba
1237 2243 1431 2309 emendanda

289 2352 389 2429 erant,
411 2370 473 2416 non
493 2355 560 2417 tam
575 2371 683 2418 eorum
698 2354 823 2419 diuersa
838 2354 975 2436 dignitas
990 2356 1022 2419 et
1037 2353 1217 2430 auctoritas,
1240 2372 1335 2434 quam
1350 2354 1432 2420 alias

289 2462 424 2527 rationes
451 2461 620 2548 diligenter
647 2466 889 2547 circumspectae
905 2467 937 2530 et
951 2465 1139 2547 ponderatas
1153 2463 1308 2529 iudicium
1323 2484 1430 2531 meum

289 2573 449 2656 regebant.
466 2574 553 2638 nolui
567 2575 669 2658 igitur
683 2575 827 2656 pluribus
843 2575 1002 2641 codicibus
1017 2576 1181 2656 exscriptis
1197 2575 1429 2640 adnotationem

290 2681 434 2749 criticam
454 2683 552 2749 nimis
574 2662 698 2770 augere,
721 2685 776 2750 sed
799 2684 906 2769 paucis
921 2684 1027 2768 eisque
1040 2686 1078 2750 ut
1092 2686 1125 2750 in
1139 2686 1199 2752 hac
1213 2684 1431 2750 mediocritate

288 2794 473 2859 melioribus
503 2796 665 2860 contemne
686 2795 743 2860 Iui.
773 2796 855 2859 inter
881 2814 957 2878 quos
978 2796 1150 2879 principem
1175 2796 1282 2860 locum
1307 2794 1431 2858 obtinet

289 2903 561 2989 wirceburgensis
575 2905 671 2970 theol
689 2906 752 2972 145
765 2904 835 2992 (W)
849 2907 989 2972 omnium
1001 2905 1147 2990 Cypriani
1163 2905 1315 2984 codicum,
1332 2904 1386 2987 qui
1396 2904 1430 2969 in

287 3013 475 3081 Germaniae
487 3015 686 3082 bibliothecis
697 3018 908 3101 assemantur,
923 3017 1159 3083 uetustissimus
1170 3013 1431 3082 saeclIIII-IX

285 3127 465 3191 charactera
492 3125 713 3210 longobardico
735 3128 881 3191 exemtus
906 3127 1040 3192 diuersis
1062 3126 1217 3192 manibus.
1248 3125 1340 3190 initio
1363 3123 1430 3190 eius

288 3235 434 3301 bauceto
449 3235 561 3318 incipit
576 3234 630 3301 fol.
648 3237 698 3302 1⁸:
714 3241 785 3300 etur
798 3242 826 3300 et
841 3236 879 3300 c'ro
894 3256 1013 3301 nouam
1028 3235 1085 3322 (=
1099 3259 1130 3322 p.
1146 3234 1270 3323 49‚18)‚
1286 3236 1308 3301 f.
1326 3235 1360 3300 7·
1374 3234 1431 3299 102

285 3346 328 3411 ab
350 3348 443 3412 extr:
466 3346 505 3411 dc
524 3346 580 3411 dcc
601 3350 655 3412 cat.
670 3347 727 3430 gui
746 3347 848 3412 medio
863 3351 1004 3412 cestram
1018 3350 1081 3411 stat
1102 3346 1240 3431 (omittit
1254 3344 1311 3427 gui
1325 3348 1432 3409 cutm

287 3477 319 3541 p.
339 3457 435 3535 73‚16
450 3496 494 3507 -
507 3456 547 3522 ia
567 3478 655 3539 agua
674 3477 705 3539 p.
722 3457 821 3542 87,4),
843 3456 865 3521 f.
887 3457 943 3523 38¹³
958 3455 1026 3521 AD
1043 3454 1213 3531 QVIRIN
1214 3456 1284 3520 VM
1292 3453 1434 3520 LIBER

288 3568 349 3631 III
372 3566 591 3633 EXPLICIT
621 3565 805 3632 INCIPIT
829 3565 896 3631 AD
924 3564 1131 3631 EELICEM
1167 3563 1341 3631 VERSVS
1367 3564 1436 3628 DE

288 3677 676 3746 RESVRRECTIONE
692 3677 991 3745 MORTVORVII
1011 3675 1077 3752 Qoi
1097 3676 1179 3740 mibi
1203 3675 1364 3741 ruricolas
1383 3675 1433 3740 ob

287 3792 373 3854 tacit
394 3792 464 3874 etc,
485 3789 507 3854 f.
530 3791 587 3856 43·
608 3787 828 3855 EXPLICIT
842 3789 910 3853 DE
920 3787 1010 3854 RES
1013 3785 1214 3853 VRRECTI
1212 3785 1308 3851 ΘΝΕ
1319 3787 1359 3851 Μ
1361 3785 1432 3851 OE

291 3900 488 3966 TVORVM
520 3898 675 3966 CECILI
708 3897 932 3967 CYPRIANI
955 3896 1021 3963 AD
1049 3895 1261 3963 FELICEM.
1297 3895 1336 3961 ab
1370 3895 1433 3962 alio

286 4011 400 4075 deindo
420 4010 550 4076 librario
566 4009 718 4094 descripti
733 4009 906 4092 sequuntur
919 4008 1023 4074 libelli
1038 4005 1095 4071 Ad
1109 4006 1276 4072 Donatum
1291 4004 1315 4070 f.
1330 4005 1434 4070 48⁵-

284 4119 354 4196 55'.
370 4118 421 4187 Dc
436 4119 535 4187 lobach
545 4120 568 4186 I.
581 4120 748 4201 55l—'6‘l⁸,
764 4117 817 4186 De
830 4119 977 4186 catholice
990 4119 1141 4186 aoebcioc
1153 4116 1301 4184 unitmoc
1312 4115 1335 4183 f.
1348 4116 1435 4183 67-

287 4230 353 4309 76·,
376 4230 427 4296 Dc
446 4232 610 4300 domim
629 4232 772 4299 oratione
791 4231 815 4298 f.
832 4232 996 4317 'El-87⁸,
1020 4229 1070 4298 Dc
1083 4229 1279 4296 nealcae
1293 4228 1317 4293 f.
1332 4227 1435 4295 ST—

1177 4333 1224 4398 b·
