3720 4920
359 371 419 434 114
833 363 1016 434 appendix,
1046 353 1052 365 ‘

354 523 453 584 taliter
467 539 549 583 mens
564 522 632 584 Sion
647 540 718 584 crux
731 525 778 582 est
791 539 865 598 quae
880 525 927 582 est
941 523 1035 583 uirtus
1050 522 1104 584 Dei
1116 523 1247 598 apesteie
1258 522 1350 584 Paule
1360 523 1490 584 dicaam:

355 643 441 686 crux
464 625 609 686 christi
637 643 707 687 nen
735 626 974 687 credentibus
996 625 1173 686 stultitia
1194 629 1271 700 est,
1305 624 1492 686 credenti·

313 800 316 808 Ι
354 728 420 788 bus
443 731 563 789 autem
584 728 710 788 uirtus
732 728 797 787 Dei
819 745 906 788 crux
927 730 994 800 eat,
1016 727 1165 788 etiterum
1179 727 1268 787 dicit:
1283 743 1348 788 nes
1370 728 1492 788 autem

353 830 615 892 adnuntiamus
642 830 747 891 uobis
769 829 968 904 christum,
1001 832 1037 890 et
1057 830 1153 890 hnnc
1174 829 1413 903 crucifixum,
1435 829 1492 891 In·

353 934 457 995 daeis
485 934 628 1008 quidem
655 932 887 1006 scandalum,
916 932 1092 1007 gentibus
1120 934 1241 993 autem
1263 931 1512 994 stultitiamcs

353 1035 448 1112 ipsis
475 1039 596 1096 autem
624 1035 763 1097 necitis
792 1034 945 1094 Indaeis
972 1037 1008 1094 et
1042 1034 1195 1095 Graecis
1216 1034 1283 1095 Dei
1311 1034 1435 1095 uirtus
1456 1036 1494 1094 et

352 1140 418 1201 Dei
433 1139 628 1214 sapientia.
644 1140 687 1198 sic
701 1155 801 1198 nerum
816 1140 846 1197 et
857 1136 931 1196 alius
946 1137 1087 1211 propheta
1108 1136 1238 1199 declarat
1251 1135 1364 1211 lignum
1378 1136 1491 1212 passie-

352 1242 400 1302 nis
421 1240 586 1302 Dominicae
608 1256 671 1300 esse
692 1241 815 1299 mentem
831 1238 899 1298 Sion
915 1239 1056 1311 sanctum,
1072 1237 1104 1296 in
1118 1237 1225 1312 spiritu
1238 1239 1282 1296 ita
1296 1237 1382 1300 dicit:
1405 1238 1492 1312 quis

352 1344 531 1404 ascendet
560 1342 597 1401 in
629 1344 784 1402 mentem
817 1339 975 1413 Domini,
1009 1342 1045 1400 et
1075 1338 1158 1415 quis
1188 1339 1311 1400 stabit
1341 1340 1378 1399 in
1409 1339 1490 1402 lece

353 1448 482 1506 sancto
505 1444 608 1504 eius?
636 1444 813 1504 innocens
835 1443 1003 1503 manibus
1025 1444 1211 1502 aimundo
1234 1441 1340 1501 corde
1362 1442 1526 1507 dextrane

352 1547 534 1619 laeuaque
568 1545 740 1605 extensis
779 1546 899 1604 clauis
934 1543 1026 1603 fixis
1064 1542 1318 1603 innocentiam
1347 1544 1490 1604 demen-

352 1653 488 1710 strans.
520 1648 584 1710 ideo
613 1647 684 1708 dicit
705 1647 841 1707 innocens
863 1647 995 1707 manibus
1015 1648 1046 1706 et
1067 1646 1190 1705 mundus
1212 1646 1305 1707 cerda.
1340 1645 1491 1719 quinon

353 1753 503 1826 accepit
524 1752 561 1810 in
582 1768 673 1810 uano
703 1749 857 1809 animam
887 1766 986 1808 suam
1007 1751 1043 1808 et
1064 1764 1135 1808 nen
1162 1747 1306 1807 iurauit
1336 1746 1490 1809 subdole

352 1854 513 1930 proximo
535 1869 609 1925 suo,
631 1869 650 1910 a
670 1851 824 1911 Domine
847 1868 909 1910 sue
931 1851 990 1910 hic
1010 1849 1173 1923 accipiet
1194 1849 1490 1910 benedictionem

245 1949 247 1954 ’
351 1957 388 2015 et
408 1952 824 2014 misericerdiamaDee
846 1952 1009 2012 salutari
1030 1969 1104 2012 sno.
1127 1953 1220 2013 emnis
1232 1951 1327 2026 passio
1342 1953 1524 2013 hominumue

352 2057 384 2116 in
412 2059 492 2117 terra
523 2057 625 2129 cadet,
647 2057 718 2115 haec
739 2055 801 2115 sola
823 2055 920 2128 passio
941 2055 1032 2115 mucis
1058 2057 1184 2115 amntem
1198 2055 1390 2114 demonstret:
1415 2057 1489 2116 unde

352 2176 453 2219 nerum
468 2159 589 2219 dicimus
604 2160 729 2217 montem
744 2160 876 2217 sanctum
890 2157 1003 2230 lignum
1016 2173 1080 2215 esse
1096 2156 1250 2231 passionis.
1273 2157 1340 2215 inde
1355 2157 1489 2217 innocens

352 2260 485 2320 manibus
500 2263 531 2319 et
544 2259 668 2318 mundus
684 2260 783 2318 cerdo:
811 2259 865 2317 hoc
880 2257 956 2318 dicte
979 2258 1146 2332 prophetice
1161 2259 1283 2317 Iudaees
1299 2258 1488 2332 redarguebat

351 2363 401 2436 qui
416 2362 535 2436 Moysen
554 2362 732 2434 praeponent
747 2359 862 2418 Ohnsto
878 2360 990 2419 domine
1006 2358 1095 2431 illius,
1111 2375 1145 2418 ee
1160 2361 1236 2433 qued
1251 2360 1366 2434 Moyses
1381 2376 1446 2418 cnm
1456 2361 1488 2418 in

351 2465 477 2523 montem
493 2462 563 2520 Sina
577 2461 765 2534 ascendisset,
781 2464 814 2520 ut
828 2461 921 2535 legem
936 2459 1051 2520 Indaeis
1066 2459 1219 2533 acciperet,
1242 2461 1377 2520 innocens
1391 2460 1484 2520 mani-
1495 2477 1523 2518 ao

350 2564 406 2624 bus
431 2568 462 2624 et
485 2564 591 2623 munde
616 2565 701 2623 corde
726 2562 874 2624 nonfuit.
904 2578 957 2622 nec
981 2579 1030 2622 ere
1055 2562 1131 2621 enim
1157 2562 1280 2621 mundus
1309 2579 1362 2622 nec
1377 2591 1420 2625 a·
1434 2566 1486 2623 ssd

350 2667 445 2739 eorde,
456 2682 489 2725 ee
498 2664 573 2739 qued
584 2663 760 2740 Aegyptium
771 2664 847 2724 ealce
859 2664 1034 2738 percusserit
1044 2663 1076 2721 in
1087 2664 1221 2737 Aegypte
1232 2665 1262 2721 et
1273 2663 1485 2724 mortiferatum

418 2912 436 2965 2
454 2912 469 2967 Ι
487 2913 546 2968 Cer.
565 2914 590 2978 1,
607 2912 642 2967 23
660 2929 699 2981 aq.
803 2913 821 2967 8
840 2911 883 2966 Pa.
901 2912 944 2977 23,
962 2913 988 2966 3.
1006 2912 1038 2966 4.·
1050 2913 1075 2966 5.

420 3131 436 3183 1
454 3131 536 3200 paulo
553 3145 605 3185 em.
624 3146 641 3184 e
761 3131 895 3185 dicentem
914 3133 940 3185 Τ
1052 3132 1070 3185 3
1088 3148 1151 3186 crux
1169 3133 1257 3186 uirtus
1274 3132 1318 3187 dei
1335 3136 1377 3186 est
1394 3133 1450 3202 Μμ

352 3219 370 3273 6
386 3217 490 3272 necatis
508 3235 545 3287 μυ
661 3220 744 3272 crocis
763 3219 801 3272 M
930 3219 973 3273 dei
991 3219 1079 3272 uirtus
1098 3234 1134 3274 ec
1150 3218 1284 3273 diuinitus
1302 3240 1323 3288 p
1340 3237 1374 3274 m.
1394 3223 1422 3284 2,
1441 3219 1485 3275 dei

350 3304 483 3359 uirtutem
494 3322 512 3358 e
610 3306 626 3358 7
644 3305 809 3374 sapientiam
826 3321 844 3358 e
941 3321 1048 3360 sumum
1070 3307 1102 3370 T,
1119 3307 1159 3361 sic
1176 3322 1240 3361 nero
1257 3308 1311 3361 Me
1407 3308 1426 3362 8
1444 3308 1484 3362 di·

348 3404 411 3443 eens
429 3390 480 3458 p'e
582 3389 600 3443 9
616 3391 645 3443 et
662 3390 734 3459 quia]
752 3392 802 3443 ant
818 3390 879 3458 quis
896 3407 913 3446 ο
1029 3390 1062 3444 10
1079 3395 1108 3445 et
1125 3391 1226 3445 munde
1245 3392 1322 3446 cerda
1339 3409 1391 3448 em.
1410 3392 1451 3448 Te

348 3472 490 3541 domnae
607 3475 641 3528 11
659 3475 727 3530 fixus
747 3495 767 3545 μ
883 3476 918 3531 12
934 3475 1034 3531 munde
1051 3476 1105 3533 Μο
1220 3477 1253 3530 13
1271 3477 1384 3533 subdolo
1406 3480 1450 3549 Tp

350 3559 385 3613 14
401 3576 418 3612 a
434 3560 542 3614 domino
558 3567 622 3628 pest
639 3560 854 3615 benedictionem
872 3563 943 3631 Mpe
1059 3576 1107 3615 sue
1126 3576 1178 3615 esea
1196 3563 1253 3631 Μμ
1368 3564 1423 3632 hic]
1436 3565 1485 3624 .is

349 3664 371 3714 μ
387 3647 406 3699 h
424 3661 494 3700 erec.
610 3645 645 3700 15
662 3646 782 3700 salutare
800 3647 836 3700 Μ
951 3648 985 3701 16
1002 3650 1103 3702 terram
1123 3664 1160 3716 μυ
1280 3648 1368 3717 passio
1387 3650 1485 3719 mucis]

349 3731 482 3800 passienis
502 3733 528 3786 T
627 3733 660 3785 17
679 3748 741 3786 uera
759 3753 779 3802 μ
797 3748 812 3788 e
829 3734 862 3787 in
878 3748 944 3799 res..
962 3735 1074 3789 uerbum
1091 3734 1130 3788 Μ
1230 3734 1264 3788 18
1281 3734 1381 3789 mundo
1398 3734 1450 3792 Μο

349 3815 430 3870 cerdo
447 3817 478 3868 M
582 3816 616 3871 19
634 3823 801 3886 praeponunt
818 3835 864 3887 pe,
880 3821 1069 3887 praemonente
1086 3820 1126 3875 Μ
1209 3819 1246 3872 20
1262 3820 1303 3888 ut]
1321 3822 1350 3874 et
1366 3823 1398 3872 nt
1415 3821 1453 3875 Μ

347 3901 384 3955 21
401 3904 429 3955 et
446 3902 545 3956 munde
564 3902 642 3956 cende
660 3918 712 3957 eea.
732 3903 775 3971 Τμ
844 3917 892 3957 nec
909 3919 956 3958 nee
974 3905 1016 3971 μ’,
1034 3919 1119 3972 neque
1136 3904 1174 3958 Μ
1245 3920 1291 3958 ore
1308 3920 1359 3958 oen.
1377 3905 1450 3973 Μμο

348 3986 422 4041 enim
439 4003 490 4042 osa
509 4009 529 4058 μ
673 4003 722 4042 nec
739 3987 787 4042 sed
804 3987 882 4043 cerdo
900 3989 932 4055 Τ,
949 4005 1000 4044 eea
1017 3989 1104 4059 Mpe3
1121 3988 1189 4054 fert.
1208 4005 1256 4044 nec
1272 4005 1354 4044 mann
1372 3989 1419 4044 scd
1436 4007 1485 4045 uec

348 4072 427 4128 cerde
529 4074 564 4127 22
582 4073 682 4128 calcem
699 4074 763 4130 ΜΤ
862 4077 1009 4145 aegyptum
1027 4075 1063 4129 Μ
1163 4075 1363 4131 mortiferatnm
1374 4077 1483 4147 scripsi,

348 4158 488 4213 mortifera
506 4175 566 4214 cum
585 4159 649 4229 Tp‘,
668 4160 822 4215 mortiferat
839 4177 899 4216 cum
911 4163 955 4230 μ’,
973 4160 1157 4217 mortiferauit
1174 4178 1235 4216 eum
1254 4179 1314 4216 cum
1327 4163 1370 4227 M,
1388 4163 1485 4218 morti·

349 4243 470 4298 desuerit
488 4261 549 4299 eum
567 4249 596 4299 et
612 4261 629 4299 ο
