3720 4920
657 360 706 415 Ad
730 361 960 417 Nouatianuni
984 377 1006 416 o.
1032 362 1143 418 10-12.
1426 372 1465 435 61

369 514 500 592 Denique
526 517 582 578 hoc
602 517 633 578 in
653 517 804 624 euangelio
831 521 1033 597 conprobatur,
1059 520 1110 582 nbi
1130 519 1184 581 illa
1203 518 1309 583 mulier
1322 522 1517 598 peccatrirll

326 618 522 691 describitur,
549 637 623 692 quae
646 622 727 681 uenit
752 621 790 680 ad
815 623 928 683 domum
955 621 1103 684 cuiusdam
1130 624 1303 696 Pharisaei,
1330 625 1380 684 ubi
1405 628 1469 684 erat

326 719 466 781 Dominus
481 724 601 782 uocatus
616 739 681 782 cum
696 722 865 796 discipulis,
890 729 1010 800 portans
1030 742 1085 785 uas
1105 723 1262 800 unguenti:
1291 743 1364 800 quae
1383 727 1469 788 stetit

325 824 364 883 ad
376 826 464 899 pedes
479 823 596 885 Domini
610 827 641 883 ot
661 825 791 885 lacrimis
812 828 873 886 suis
894 828 969 888 lauit
989 830 1078 903 pedes
1093 828 1157 889 eius
1172 830 1202 888 et
1218 828 1333 902 capillis
1348 830 1470 890 extorsit

304 927 358 986 set
383 926 483 987 oscula
506 926 612 998 infixit,
634 929 668 986 ut
686 927 862 988 armaretur
877 929 938 989 illic
952 929 1129 990 Pharisaeus
1150 931 1181 988 et
1201 929 1325 991 diceret:
1351 929 1415 990 hic
1437 929 1470 990 si

325 1030 426 1089 esset
454 1029 658 1102 propheta,
688 1029 805 1090 eoiret
834 1048 925 1103 quae
955 1036 991 1091 et
1017 1031 1141 1106 qualis
1167 1032 1271 1090 esset
1296 1030 1373 1090 ista
1397 1047 1469 1089 mu·

326 1129 398 1191 lier
420 1147 511 1205 qnae
537 1147 613 1190 cum
639 1133 774 1206 tangit,
803 1132 887 1205 quia
913 1133 1104 1208 peccatrix
1130 1134 1199 1194 est.
1231 1133 1352 1192 undein
1374 1132 1469 1191 conti-

325 1230 409 1293 nenti
434 1231 575 1292 Dominus
600 1235 784 1307 pcccatorum
810 1235 947 1296 remissor
968 1239 998 1295 et
1018 1234 1231 1310 paonitentiam
1256 1237 1387 1308 receptor
1408 1233 1467 1294 ait:

326 1335 453 1406 Petro,
488 1334 605 1395 habeo
642 1334 715 1394 tibi
751 1334 900 1411 aliquid
930 1337 1063 1397 dicere.
1106 1339 1143 1396 at
1171 1335 1242 1395 ille
1271 1328 1472 1411 respoudit

292 1435 472 1497 redicens:
493 1437 682 1511 magister,
704 1437 771 1497 dic.
793 1438 992 1498 etDominus:
1014 1439 1082 1499 duo
1104 1429 1295 1498 debitores
1316 1438 1471 1500 inerunt

326 1540 468 1600 cuidam
508 1539 736 1613 feneratori,
778 1558 872 1600 unus
912 1542 973 1616 qui
1014 1541 1047 1601 ei
1089 1540 1254 1601 debebat
1294 1541 1471 1602 denarios

326 1640 555 1714 quingentos
584 1643 621 1699 et
650 1641 750 1701 alius
777 1643 1070 1717 quinquaginta:
1098 1640 1239 1703 etcum
1266 1658 1338 1703 nou
1363 1642 1472 1702 habe-

325 1745 411 1802 rent
438 1742 533 1804 unde
562 1743 769 1817 soluerent
799 1745 975 1807 ambobus
1004 1746 1171 1807 donauit.
1203 1751 1233 1805 et
1260 1744 1470 1821 interrogauit:

327 1844 410 1917 quis
433 1861 554 1905 eorum
580 1846 667 1919 plus
692 1844 848 1918 diligiti
875 1850 910 1904 ot
936 1849 1134 1921 respondit
1160 1848 1312 1907 Petrus:
1339 1847 1471 1920 utique

294 1943 400 2005 cillo
435 1945 495 2006 cui
529 1945 615 2021 plue
651 1946 826 2018 donauit,
863 1949 893 2007 et
929 1948 1032 2008 adiecit
1061 1948 1175 2009 dicens:
1216 1947 1323 2009 uides
1358 1946 1470 2008 istam

326 2046 543 2108 mulierem?
584 2046 747 2106 introiui
776 2049 812 2106 in
843 2050 980 2109 domum
1017 2053 1131 2123 tuam,
1174 2051 1340 2110 osculum
1379 2050 1469 2110 mihi

327 2165 395 2208 non
425 2147 584 2208 dedisti:
614 2151 705 2209 haec
734 2151 855 2209 autem
885 2166 954 2209 non
983 2150 1153 2210 cessauit
1182 2150 1385 2211 osculando
1411 2166 1470 2224 pe·

327 2249 391 2309 des
427 2266 531 2309 meos.
574 2250 687 2324 pedes
721 2266 819 2310 meos
849 2268 918 2310 non
952 2250 1113 2311 lauasti:
1150 2252 1240 2311 haec
1270 2254 1389 2312 autem
1418 2251 1469 2309 la-

328 2351 458 2410 crimis
499 2351 578 2411 suis
613 2351 711 2411 lauit
751 2354 788 2411 et
823 2352 979 2427 capillis
1020 2353 1193 2412 extersit.
1235 2353 1318 2414 oleo
1357 2353 1470 2428 pedes

293 2466 425 2512 aomoos
455 2468 524 2511 nou
546 2453 725 2515 uncristi.
753 2455 842 2512 haec
871 2457 992 2514 autom
1020 2455 1161 2515 uncxit.
1191 2458 1348 2529 propter
1377 2455 1472 2528 quod

328 2554 410 2614 dico
440 2554 532 2625 tibi,
563 2555 685 2626 Petro,
715 2555 803 2629 quia
827 2555 1075 2615 remittuntur
1105 2555 1167 2615 ilii
1197 2559 1353 2629 peccata
1381 2556 1471 2617 eius.

329 2673 395 2718 ecce
410 2657 550 2718 Dominus
565 2657 699 2732 utrisque
715 2657 894 2719 debitoribus
905 2659 990 2734 larga
1000 2675 1053 2719 sua
1067 2658 1177 2733 pietate
1191 2659 1319 2719 debitum
1332 2658 1471 2720 concedit.

330 2776 396 2820 ecce
411 2759 518 2819 delicta
539 2761 704 2832 domum,
730 2776 795 2820 ecce
819 2761 970 2820 mulierem
985 2761 1177 2834 peccatricem
1192 2762 1386 2834 paenitentem
1399 2762 1471 2820 flen-

329 2863 388 2920 tem
404 2861 605 2934 deprecantem
619 2863 650 2919 et
664 2861 814 2921 remissam
828 2864 1009 2934 peccatorum
1024 2862 1226 2936 accipientem.

293 2972 321 3015 as
372 2961 516 3022 Erubesce
538 2963 597 3020 iam
618 2979 703 3034 nunc,
728 2962 754 3020 ei
775 2962 839 3020 fleri
853 2965 960 3035 potest,
982 2961 1155 3035 Nouatiano,
1179 2961 1279 3023 desine
1293 2964 1470 3037 argumentis
1482 2971 1525 3030 12

328 3061 389 3122 tuis
410 3061 508 3135 impiis
529 3062 661 3122 incautos
683 3062 827 3137 decipere,
861 3062 960 3124 domne
982 3063 1068 3122 unius
1102 3061 1224 3137 capituli
1246 3063 1472 3137 praescriptione

330 3166 449 3223 terrere
472 3164 597 3239 legimus
619 3167 650 3224 et
671 3165 821 3224 adoramus
844 3181 896 3224 noc
917 3164 1175 3239 praetermittimus
1191 3164 1343 3225 caelestem
1357 3164 1473 3225 Domini

330 3266 504 3325 sententium
538 3267 589 3341 qui
621 3266 663 3326 ait
695 3269 866 3341 amaturum
890 3283 921 3326 ee
954 3268 1126 3340 negamem,
1160 3266 1299 3341 numquid
1320 3268 1351 3327 et
1371 3265 1473 3340 paeni-

330 3369 459 3427 tentcmt
494 3373 525 3427 ot
557 3369 627 3442 quid
660 3384 713 3442 ego
747 3367 857 3427 tamdiu
880 3368 915 3426 dc
936 3367 1170 3426 misemtiouibus
1203 3368 1326 3441 probare
1357 3367 1475 3443 singula

398 3591 417 3645 5
433 3590 499 3647 Luc.
518 3593 544 3656 7,
561 3592 673 3646 ee-ei.

400 3815 418 3869 5
438 3816 567 3871 mcitamt
585 3815 618 3870 K
747 3813 808 3868 illio
824 3811 939 3867 soricem
958 3811 997 3877 K,
1015 3811 1064 3866 ille
1081 3812 1129 3882 ph.
1147 3828 1164 3866 o
1303 3812 1321 3866 9
1338 3813 1415 3881 petre
1432 3810 1473 3880 K,

330 3902 419 3957 simon
436 3918 460 3966 o,
479 3904 514 3969 cf.
534 3903 613 3970 epist.
627 3917 657 3971 p.
676 3903 791 3965 i86,16
917 3899 952 3954 10
969 3897 1082 3952 fuerunt
1100 3898 1139 3966 K,
1157 3898 1269 3953 eranto
1396 3896 1429 3950 11
1450 3896 1476 3951 ei

330 3985 446 4041 debebat
463 3986 507 4054 K,
524 3985 678 4040 habebato
818 3984 852 4038 12
869 3985 937 4038 alios
955 3983 988 4038 K
1125 3985 1232 4037 etcum
1251 3982 1289 4047 K,
1306 3998 1367 4036 cum
1380 3987 1401 4036 'o

331 4074 365 4128 14
382 4072 526 4128 illorumo
617 4070 731 4141 dilige-t
749 4069 783 4124 K
864 4072 956 4138 petrns
975 4067 1013 4134 K,
1032 4067 1158 4123 simona
1250 4067 1283 4121 16
1301 4064 1432 4121 introini·
1446 4064 1480 4120 K

331 4162 356 4228 (t
374 4161 465 4224 erus),
483 4158 588 4212 intraui
606 4174 624 4212 o
728 4156 763 4210 21
782 4157 857 4224 petre
874 4154 918 4218 K,
936 4154 1025 4208 simon
1044 4170 1061 4207 o
1167 4152 1202 4207 22
1221 4152 1291 4222 cccc]
1308 4152 1358 4207 hoc
1376 4150 1410 4205 K

332 4242 549 4297 terminals
650 4240 918 4310 28quiK,quao
