3720 4920
396 313 459 379 268
869 311 1054 381 Appeude.

347 468 387 527 22
440 471 512 530 Ecce
528 470 619 544 igitur
634 473 741 544 quante
756 470 838 529 nobis
853 470 913 529 dies
929 470 1094 529 natiuitatis
1109 469 1222 529 Domini
1244 470 1380 529 ostendit.
1409 469 1457 542 qui
1473 487 1525 527 irs·

397 573 521 631 tiuitetis
537 573 598 632 dies
613 574 650 632 ub
665 572 762 633 Exodo
778 576 907 646 ropertus
922 574 1011 631 estut
1024 573 1149 631 diximus
1161 576 1225 645 post
1237 590 1327 632 annos
1342 572 1527 633 iDXLVIII.

398 693 469 748 quos
485 693 574 734 annos
589 676 625 733 ab
640 676 738 735 Exodo
764 675 807 733 sic
832 693 898 734 uere
925 674 1040 733 euobis
1056 673 1191 733 collectos
1207 675 1394 746 ostendimus,
1420 691 1483 732 curn
1498 678 1528 732 et

398 779 524 851 ipsorum
540 795 677 838 annorum
694 779 835 838 rstionoru
850 796 906 838 nou
921 795 986 837 esso
1003 794 1122 836 uacuam
1138 780 1374 837 demonstramus.
1391 777 1528 837 Dominus

399 881 474 938 enim
496 885 614 940 sanctus
640 884 670 940 et
696 880 810 939 diuinus
825 883 858 938 ut
872 880 1034 939 ostenderet
1056 879 1139 938 uobis
1161 879 1294 953 qnoniam
1310 879 1468 938 futurorum
1483 883 1549 938 ests

398 984 555 1055 praescius,
571 987 601 1041 et
613 987 642 1043 in
654 985 726 1057 ipsis
738 985 822 1043 annis
837 982 1033 1042 manifesteuit
1044 987 1157 1056 tompus
1171 983 1201 1040 in
1213 1000 1269 1055 quo
1281 984 1429 1056 oportebat
1440 1000 1457 1040 a
1469 982 1528 1040 filio

399 1084 461 1142 eius
488 1102 591 1158 equam
618 1104 691 1158 queo
718 1085 810 1144 abluit
836 1087 953 1158 peccate
970 1084 1022 1143 XV
1038 1103 1112 1143 anno
1139 1084 1252 1157 imporIi
1274 1084 1382 1142 Tiberii
1398 1084 1528 1142 Cecssris

400 1186 583 1246 sanctificari.
608 1192 638 1246 et
652 1189 716 1247 ideo
732 1189 870 1261 quomodo
885 1189 1032 1246 Abraham
1056 1188 1168 1260 quando
1191 1202 1355 1260 expugnare
1372 1185 1465 1245 uoluit
1479 1184 1528 1258 qui

399 1288 473 1345 Loth
490 1287 580 1345 filium
595 1288 695 1347 fratris
717 1289 779 1346 eius
804 1289 948 1361 captiuum
976 1290 1128 1358 duxerunt,
1144 1288 1308 1346 numerauit
1335 1305 1437 1347 uenies
1463 1303 1529 1346 suos

400 1391 522 1462 prImum
538 1391 636 1450 XVIII
653 1393 683 1448 in
699 1391 816 1449 nomine
833 1392 907 1461 Iesu,
924 1395 953 1448 et
969 1391 1042 1449 elios
1065 1394 1181 1464 propter
1198 1389 1391 1449 centenariam
1407 1405 1527 1462 genere·
1538 1411 1564 1449 ro

399 1491 505 1550 tionem
521 1493 550 1549 in
566 1497 743 1551 sacramento
758 1493 843 1550 trium
857 1494 965 1551 dierum
978 1493 1127 1564 triphenus
1139 1493 1302 1550 numerauit
1317 1492 1381 1549 CCC
1393 1497 1423 1550 et
1433 1493 1531 1551 feeitt

399 1593 514 1665 signum
529 1593 637 1652 crucis:
653 1595 695 1650 ite
709 1598 739 1652 et
753 1611 806 1653 nos
821 1595 856 1651 do
871 1599 885 1652 i
901 1593 1044 1652 DXLVIII
1058 1593 1142 1651 anuis
1155 1593 1320 1665 quindecies
1334 1597 1470 1651 centenos
1481 1593 1529 1649 de-

400 1696 547 1765 ducemus,
573 1698 603 1753 et
627 1700 775 1754 remanent
790 1695 927 1753 XLVIII:
950 1713 983 1754 cx
1011 1697 1116 1767 quibus
1141 1696 1172 1753 in
1197 1696 1310 1754 semiue
1327 1695 1392 1753 Iesu
1408 1695 1530 1752 sublatis

401 1796 499 1856 XVIII
514 1796 623 1855 inuenti
639 1807 707 1855 sunt
722 1798 789 1855 enni
805 1798 895 1855 XXX:
920 1798 1023 1870 quibus
1039 1797 1182 1870 suppletis
1194 1796 1334 1856 Dominus
1350 1797 1431 1854 Iesus
1446 1814 1464 1853 a
1479 1814 1530 1853 ne·

400 1898 516 1956 tiuiteto
531 1916 583 1956 sus
598 1899 761 1972 baptizatus
777 1902 821 1957 est
836 1918 853 1956 a
868 1897 973 1958 Ioanne
989 1917 1063 1958 anno
1076 1898 1285 1971 quintodecimo
1299 1898 1412 1971 imperii
1424 1897 1530 1955 Tiberii
1542 1920 1565 1959 rs

401 1998 545 2057 Censoris:
573 2001 653 2057 cuius
668 2018 743 2058 anno
758 2002 946 2060 sextodecimo
962 2017 1065 2072 passus
1088 2003 1177 2058 estet
1192 2000 1358 2057 resurrexit.
1374 2000 1530 2057 adiciemus

402 2117 468 2172 orgo
484 2100 589 2158 iterum
605 2103 640 2159 ed
656 2119 794 2160 summanr
810 2120 899 2161 annos
913 2102 1015 2172 XXXI,
1038 2105 1068 2160 et
1083 2102 1156 2160 iiunt
1171 2102 1200 2159 iu
1216 2119 1247 2160 se
1264 2116 1361 2158 ornnes
1377 2102 1414 2159 ob
1436 2101 1532 2159 Exodo

403 2203 537 2274 usquead
549 2203 708 2274 passionom
721 2205 787 2261 enni
798 2209 811 2263 i
821 2204 1019 2263 DLXXVIIII.
1033 2222 1116 2277 equo
1129 2210 1253 2276 tempore
1268 2204 1297 2260 id
1313 2205 1358 2260 ost
1370 2221 1388 2260 e
1401 2204 1532 2275 passione

404 2320 491 2377 usque
507 2304 543 2360 ed
558 2320 663 2362 annum
680 2306 811 2377 quintum
827 2305 962 2364 Gordiani
969 2306 1091 2364 Arriano
1104 2309 1133 2363 st
1139 2307 1217 2377 Papo
1229 2304 1393 2364 consulibus
1406 2304 1532 2377 suppleti

402 2410 469 2463 sunt
484 2408 551 2464 anni
567 2406 671 2478 CCXV,
688 2410 725 2466 ab
740 2408 836 2466 Exodo
851 2411 947 2466 autom
962 2425 1059 2466 omnes
1074 2408 1142 2465 curri
1157 2413 1170 2466 i
1186 2407 1376 2464 DCCXCIIII.
1540 2429 1566 2468 m

357 2509 396 2565 23
450 2508 510 2565 Hos
525 2509 620 2566 autom
635 2525 725 2566 annos
741 2526 836 2567 omnes
853 2510 889 2566 ob
904 2510 1001 2567 Exodo
1016 2509 1045 2566 id
1061 2513 1106 2566 est
1121 2528 1139 2566 e
1154 2508 1246 2580 primo
1261 2507 1372 2580 pinacis
1387 2525 1471 2565 uersu
1483 2523 1533 2578 por

402 2612 510 2680 ssptsm
526 2610 753 2669 sedecennitates
769 2612 834 2670 illos
849 2629 938 2683 usquo
954 2614 1127 2670 numerando
1143 2628 1240 2670 omnes
1253 2628 1343 2668 annos
1354 2609 1532 2682 suprodictos

402 2728 636 2783 consummemus,
660 2715 690 2770 et
704 2715 773 2769 tunc
788 2713 823 2771 ed
839 2713 956 2770 tertium
973 2729 1086 2771 uersum
1102 2713 1210 2784 primae
1225 2710 1449 2769 sedecennitetis
1466 2726 1530 2783 por·

402 2813 550 2871 uenientes
572 2813 751 2871 iuueniemus
767 2813 921 2872 secuudum
936 2814 1057 2872 Iudaeos
1072 2815 1185 2872 Pascha
1208 2812 1264 2869 XII
1288 2812 1345 2870 kal.
1367 2813 1438 2884 Apr.
1462 2812 1534 2869 forie

401 2914 498 2984 tortis,
513 2915 668 2972 secuudum
683 2932 735 2973 nos
750 2919 843 2974 autem
855 2916 939 2973 tertio
951 2933 1035 2974 uersu
1049 2916 1156 2989 primae
1168 2914 1389 2975 sedecennitatis
1406 2913 1459 2972 VII
1473 2913 1530 2972 kal.
1540 2935 1566 2978 ss

402 3014 471 3087 Xpr.
488 3016 611 3074 occurrit
626 3016 791 3074 dominicus.
808 3018 869 3089 ipso
885 3019 979 3089 itaque
993 3018 1091 3076 ordine
1104 3019 1133 3075 in
1145 3018 1241 3090 priora
1253 3017 1432 3075 ambulantos
1446 3034 1534 3088 usque

473 3335 487 3385 1
507 3333 567 3401 quis
585 3335 665 3385 tenta
682 3331 760 3385 nobis
778 3331 894 3385 ostendit
912 3332 968 3385 dios
986 3350 1013 3387 n.
1033 3334 1057 3385 d.
1076 3351 1091 3388 o
1244 3333 1401 3387 natiuitatis
1419 3350 1469 3388 otri.
1488 3350 1502 3388 c

402 3420 498 3486 2post
516 3433 599 3470 annos
618 3420 649 3470 ut
666 3416 816 3470 dirimnsb
920 3418 988 3470 deb
1007 3418 1087 3470 eredo
1106 3420 1192 3471 om.b
1302 3418 1501 3471 ostondemusc

402 3503 419 3555 4
433 3502 566 3555 domiuus.
578 3543 583 3553 .
594 3502 694 3571 mobis]
707 3502 825 3555 ostendit
837 3519 852 3555 c
919 3503 937 3554 5
949 3503 1085 3571 quonism]
1099 3504 1145 3570 qni
1158 3520 1173 3557 c
1242 3504 1259 3554 6
1278 3503 1372 3570 ofilio]
1388 3504 1473 3556 filiurn
1488 3520 1502 3556 e

402 3588 539 3654 Vsquec
642 3588 722 3641 Coos
740 3587 787 3655 qui
804 3604 836 3641 co
939 3587 1120 3641 Cduxeretb
1234 3589 1392 3642 numerabat
1411 3605 1535 3643 uernccu·

402 3672 443 3724 Ios
461 3689 523 3726 suos
540 3689 572 3727 co
693 3673 728 3727 10
744 3674 829 3740 primo
848 3671 1038 3728 CCCXVIIIb
1159 3675 1277 3728 oliumc
1404 3677 1437 3728 11
1456 3675 1536 3743 repli-

403 3774 498 3812 cansc
585 3759 617 3811 11
637 3778 652 3810 τ
671 3757 1003 3827 signnm]†signurn†d
1090 3760 1123 3812 12
1142 3761 1169 3813 in
1187 3758 1360 3814 DXLVIIIc
1441 3760 1474 3813 13
1492 3778 1535 3814 su·

404 3844 473 3897 blati
492 3846 508 3896 b
603 3843 1300 3913 isrnnxxxvnlc,fflanxl111o,em.W
1397 3848 1431 3900 19
1448 3847 1536 3915 gordi-

402 3946 483 3983 euurn
502 3930 518 3982 b
669 3929 756 3982 oriani
775 3933 803 3983 et
818 3947 903 4000 papsc
922 3950 1022 3987 consuu
1039 3951 1054 3988 c
1204 3933 1240 3985 20
1257 3931 1357 4000 CCXV]
1377 3931 1469 3986 CCXX
1488 3934 1503 3984 b

400 4014 607 4068 rnecxcvlu
627 4033 649 4080 c,
667 4015 943 4070 zeDccxevffllo
1012 4020 1046 4072 21
1064 4035 1111 4087 por
1128 4020 1152 4081 b,
1170 4033 1249 4085 super
1267 4032 1297 4070 en
1366 4018 1400 4071 22
1418 4019 1531 4071 illos...

404 4099 611 4153 sedecennitutis
630 4118 680 4155 oni.
700 4104 715 4156 b
864 4103 899 4156 23
917 4104 950 4157 sd
970 4122 1019 4159 oso.
1039 4122 1060 4168 c,
1080 4105 1145 4159 cdd.
1169 4106 1206 4158 W
1354 4105 1537 4172 perucnientes

404 4201 454 4239 om.
474 4204 489 4241 e
591 4189 625 4241 24
644 4187 726 4241 VIIII
745 4189 781 4241 11.
799 4206 855 4258 opr.
874 4190 942 4243 serio
960 4193 1069 4245 sextat
1172 4191 1208 4245 25
1225 4192 1317 4260 tertio]
1336 4194 1430 4244 octauo
1449 4193 1464 4244 t
