3720 4920
602 329 650 384 De
667 328 797 384 Peeohe
814 332 992 398 computus
1011 344 1033 382 e.
1052 331 1164 383 14-16.
1385 333 1449 398 263

316 489 376 549 tulo
391 505 474 563 quern
490 486 656 562 exponimus
671 486 825 561 seriptum:
842 489 878 545 et
899 489 984 561 post
1005 485 1088 545 LXII
1110 487 1357 548 hebdomadas
1380 489 1453 549 dis·

315 593 459 667 peribit
481 590 625 663 nnetio,
648 593 684 649 et
705 590 883 649 iudioium
905 609 973 650 non
996 595 1054 650 est
1077 593 1113 650 in
1135 610 1191 664 eo,
1207 591 1454 652 eteiuitetem

318 699 351 755 et
373 694 471 753 illud
494 697 661 753 sanetum
687 695 892 766 corrumpet
914 709 990 754 eum
1012 693 1084 753 illo
1108 696 1199 753 duee
1222 693 1286 768 qui
1308 695 1452 767 ueniet,

318 800 352 855 et
374 796 600 857 excidentur
622 796 658 854 in
681 794 921 870 cataclysmo,
955 799 991 854 et
1019 797 1201 870 usquead
1223 797 1453 856 iinembeili

296 896 484 957 ebreuieti
514 897 741 957 exterminii.
772 898 998 956 excidentur
1026 898 1123 971 inquit
1153 898 1189 957 in
1211 899 1453 974 oetaelysmo.

319 999 353 1058 de
363 1002 466 1073 quibus
474 1003 527 1059 hoe
534 1000 661 1058 dieitur?
672 999 771 1073 utique
782 1002 816 1059 de
827 1000 900 1072 ipsis
911 1001 1028 1059 Iudaeis
1039 1001 1089 1074 qui
1101 1001 1167 1073 post
1178 1001 1334 1059 aduentum
1345 1001 1454 1060 Christi

318 1101 563 1162 inilleobsidione
576 1104 605 1159 et
611 1103 821 1178 expugnatione
829 1103 998 1176 Vespasiani
1009 1103 1098 1162 exeisi
1113 1106 1143 1162 et
1154 1103 1236 1163 eiecti
1251 1107 1320 1163 sunt
1332 1105 1367 1164 de
1382 1105 1455 1164 oini-

320 1206 380 1264 tete
396 1222 458 1276 sua,
481 1206 512 1263 in
528 1224 585 1278 qua
599 1206 655 1263 iam
671 1223 727 1265 non
742 1206 862 1264 redeunt
883 1223 936 1265 neo
951 1207 982 1264 in
997 1207 1062 1278 ipse
1078 1207 1134 1264 iine
1147 1205 1217 1265 beili
1230 1207 1362 1266 breuieti.
1378 1210 1454 1280 quod

319 1309 365 1367 est
375 1310 472 1366 erotem
486 1308 541 1366 hoe
552 1306 661 1365 bellurn
674 1307 849 1381 breuiatum,
864 1309 921 1367 nisi
946 1308 1112 1367 antichristi
1130 1325 1248 1382 regnum
1264 1308 1340 1382 quod
1355 1326 1455 1369 exsur-

284 1423 386 1483 rogere
401 1409 490 1468 hebet
505 1413 603 1466 eontra
618 1409 755 1482 populum
772 1407 1021 1468 Christianorum?
1039 1411 1095 1484 ipsi
1116 1414 1185 1470 sunt
1207 1411 1268 1469 dies
1294 1412 1329 1470 de
1352 1411 1456 1485 quibus

320 1513 362 1571 ait
390 1512 528 1571 Dominus
554 1513 584 1571 in
610 1511 776 1586 euangelio:
807 1515 845 1571 et
872 1513 946 1571 nisi
975 1513 1193 1572 eboreuieti
1222 1517 1352 1574 essent
1379 1514 1457 1573 dies

321 1613 403 1683 illi,
426 1630 494 1671 non
517 1613 749 1672 liberaretur
771 1615 887 1672 omnis
909 1631 1005 1672 oero.

364 1714 543 1773 Restitutum
559 1719 605 1771 est
618 1713 709 1786 igitur
723 1715 860 1788 templum
888 1715 918 1773 in
944 1715 1058 1774 nomine
1074 1716 1257 1789 protoplasti,
1285 1716 1334 1791 qui
1360 1718 1455 1776 dicius
1468 1727 1506 1784 16

322 1819 368 1875 est
381 1817 486 1885 Adam,
510 1814 587 1871 siout
601 1831 688 1884 supra
704 1814 836 1882 diximus,
859 1819 924 1887 post
946 1834 1036 1874 annos
1052 1816 1153 1876 XLVI.
1177 1817 1219 1875 sio
1241 1820 1337 1876 autem
1360 1822 1457 1877 osten·

287 1935 311 1974 re
322 1919 401 1976 ditur
416 1916 447 1974 in
462 1916 575 1975 nomine
590 1916 699 1988 Adam,
722 1934 786 1975 omn
808 1919 884 1990 apud
899 1917 1021 1976 Graecos
1037 1919 1130 1991 prime
1145 1918 1245 1977 littere
1258 1920 1382 1978 nominis
1396 1919 1458 1980 eius

320 2019 425 2077 dieitur
439 2018 527 2090 sipha
541 2017 613 2096 μία,
630 2021 754 2078 seeundo
766 2022 860 2078 autern
874 2020 952 2076 delta
966 2013 1138 2096 τέσσαρες,
1155 2021 1242 2079 tertie
1256 2021 1360 2079 iterum
1371 2023 1459 2096 elphe

321 2119 381 2199 μία
393 2123 423 2178 et
434 2119 589 2192 quartani
600 2113 853 2199 τεσσαράκοντα
865 2122 894 2178 et
906 2120 948 2179 sie
960 2120 993 2178 iit
1004 2138 1141 2179 numerus
1153 2138 1202 2180 sex
1215 2125 1244 2180 et
1254 2124 1455 2196 quadraginta.

320 2221 373 2295 qui
387 2239 522 2279 numerus
537 2239 676 2281 annorum
689 2222 731 2280 sio
743 2223 1010 2295 comprehendetur:
1026 2241 1091 2281 oum
1103 2240 1120 2280 e
1131 2222 1178 2280 die
1189 2223 1241 2282 illo
1256 2241 1312 2297 quo
1326 2242 1459 2285 reuersus

322 2326 369 2382 est
384 2325 414 2381 in
429 2327 509 2381 terra
523 2341 576 2382 sue
590 2324 761 2383 Iudaeorum
775 2323 912 2396 populus,
935 2324 1073 2396 regnauit
1094 2323 1186 2397 Cyrus
1201 2325 1353 2385 Persarum
1375 2327 1459 2386 annis

286 2424 433 2491 oexxxl:
446 2427 512 2497 post
520 2442 604 2498 quem
612 2424 766 2499 Cambyses
776 2425 915 2496 annisiX,
931 2428 960 2484 et
973 2424 1083 2498 impleti
1092 2428 1161 2484 sunt
1171 2427 1357 2500 xxxxpost
1371 2447 1460 2488 annos

321 2530 417 2586 eutem
432 2527 481 2583 XL
497 2531 599 2600 regnet
615 2528 742 2586 Smerdis
757 2528 859 2601 Magus
875 2528 1022 2586 mensibus
1037 2531 1158 2602 septem,
1175 2530 1224 2601 qni
1240 2547 1353 2589 menses
1374 2548 1458 2591 eno·

321 2628 366 2686 bis
381 2644 438 2686 non
455 2631 665 2701 computentur.
700 2633 809 2700 quere?
834 2630 966 2701 quoniam
989 2629 1018 2687 in
1045 2630 1167 2703 septimo
1194 2648 1291 2690 mense
1308 2632 1375 2707 Cyri
1390 2634 1457 2693 fun-

320 2731 456 2790 damenta
471 2731 572 2803 templi
593 2735 759 2804 posuerunt,
786 2735 815 2790 et
830 2732 930 2790 eximie
944 2749 1033 2805 usque
1046 2733 1082 2790 ed
1095 2751 1202 2791 annum
1212 2736 1367 2794 seeundum
1378 2736 1458 2796 Darii

320 2849 392 2906 opus
408 2831 438 2888 in
453 2849 485 2890 eo
502 2848 560 2890 non
571 2833 763 2892 coniecerunt.
775 2836 843 2892 tuno
858 2834 1033 2906 prophetent
1046 2834 1182 2907 Aggasus
1193 2838 1224 2892 et
1234 2836 1397 2908 Znoheries,
1409 2854 1460 2909 per

289 2951 316 2992 m
325 2949 397 3008 quos
409 2934 578 2994 exhortatus
590 2936 635 2993 est
645 2952 694 2994 eos
707 2935 854 3007 Dominus,
867 2937 895 2995 et
907 2937 1056 2995 unanimes
1067 2940 1250 2996 accesserunt
1262 2940 1291 2996 et
1302 2939 1333 2997 in
1342 2941 1458 3012 quadri·

396 3100 429 3152 11
448 3099 550 3152 Meton.
568 3099 611 3163 24,
629 3099 672 3152 22.

391 3270 406 3322 1
426 3269 496 3338 quod
520 3270 559 3323 W
690 3271 892 3339 exposuimusc
1020 3271 1097 3324 LXII
1121 3273 1160 3336 W,
1179 3272 1279 3326 nxxn
1299 3275 1323 3337 b,
1341 3274 1413 3327 Lxx
1433 3280 1462 3328 et

321 3371 408 3409 nnec
512 3355 682 3421 2peribitc
786 3358 849 3409 4et
867 3373 950 3408 om.c
1055 3358 1083 3409 in
1103 3373 1186 3411 oete
1299 3362 1327 3410 et
1344 3375 1428 3412 οοο.ο

321 3441 388 3493 5ex
406 3439 565 3493 terminisb
675 3440 704 3494 in
723 3440 789 3507 quid
806 3441 836 3494 in
853 3441 1010 3494 enteeiismo
1030 3441 1163 3496 ‹iiluuiib
1276 3443 1380 3497 (idixit
1396 3461 1428 3497 co

321 3524 384 3577 ”tin
403 3540 489 3579 onte
587 3524 622 3578 ob
639 3525 804 3580 seditiones
898 3527 1098 3594 pugnationeb
1195 3527 1278 3581 Soli.
1298 3529 1327 3581 in
1345 3545 1429 3582 eote

321 3609 392 3678 qnod
410 3613 501 3664 anteon
520 3612 548 3663 et
566 3609 594 3663 in
614 3611 697 3664 hoob
776 3612 861 3666 9hoo
879 3627 963 3666 ome
1039 3612 1073 3665 10
1090 3613 1200 3681 ipseec
1278 3615 1310 3666 11
1329 3613 1428 3667 deusb

322 3696 356 3749 13
372 3696 460 3764 igitur
479 3696 503 3760 b,
522 3711 587 3764 ergo
605 3712 636 3750 ee
737 3699 770 3751 14
788 3714 869 3768 suprn
887 3698 911 3761 t,
930 3697 1055 3766 superius
1073 3715 1105 3752 eo
1204 3702 1264 3766 post
1283 3714 1367 3752 annos
1387 3697 1462 3752 XXX

321 3783 350 3833 et
367 3780 406 3832 Vi
424 3781 448 3844 b,
467 3782 546 3833 annis
564 3779 685 3835 xnvlc
859 3784 892 3835 16
910 3783 1009 3836 dieitur
1029 3799 1046 3834 ο
1063 3783 1121 3835 elie
1138 3784 1162 3847 b,
1186 3782 1292 3836 dicetur
1316 3784 1429 3850 elphee

321 3865 397 3919 delto
414 3884 537 3933 τεοοαοοι
555 3884 578 3931 ο,
597 3866 673 3920 delto
691 3870 838 3922 tesseresb
959 3868 1043 3923 tertie
1064 3884 1113 3923 een.
1135 3885 1165 3923 eo
1282 3868 1429 3922 elieminb

322 3952 354 4004 17
373 3955 401 4006 et
419 3968 469 4006 mn.
488 3969 520 4007 oo
629 3957 727 4022 quarte
744 3955 782 4007 mi
801 3957 902 4008 tessere
919 3955 1033 4008 contub
1147 3955 1186 4007 sio
1203 3955 1236 4007 fit
1252 3955 1363 4021 scripsi,
1381 3955 1420 4008 sio
1438 3955 1462 4018 b,

320 4037 354 4089 iit
371 4054 402 4092 oo
479 4038 513 4090 18
530 4039 801 4105 eomprehenditnrb
875 4057 892 4093 n
909 4040 962 4109 die]
982 4040 1120 4093 adiectob
1195 4040 1231 4092 20
1248 4038 1430 4093 meebessesc

320 4122 354 4176 21
374 4122 519 4177 nmeririius
537 4124 562 4187 b,
581 4123 765 4193 hysrnerinse
878 4126 992 4194 septem]
1011 4124 1083 4179 VIe
1192 4125 1228 4178 22
1245 4139 1327 4192 quere
1346 4142 1429 4179 orme

321 4207 356 4261 23
373 4211 534 4276 posuerutb
637 4210 674 4277 et]
693 4226 786 4264 eume
890 4211 924 4263 24
942 4210 971 4263 in
989 4210 1074 4263 emb
1180 4209 1314 4262 iecorutb
