3720 4920
377 275 438 338 160
851 269 1036 339 Appendix.

375 428 520 501 prauitete
534 445 650 488 sensum
665 445 723 489 non
737 429 889 500 maculare,
904 427 1053 490 catholicis
1068 444 1119 501 per
1134 427 1229 487 omnia
1243 425 1420 496 consentire,
1448 424 1506 484 Dec

375 530 430 589 soli
443 530 610 602 adhaerere,
626 530 788 590 castitatem
799 530 929 590 internae
939 530 1044 589 mentis
1058 530 1178 590 Donuno
1190 529 1258 587 Iesu
1269 527 1382 586 Christo
1394 527 1505 597 offerre,

377 633 472 693 emnia
481 636 583 707 coepta
588 633 753 708 bonaopera
758 634 857 693 mortis
863 636 973 693 tenmm
981 632 1101 693 termino
1109 632 1201 704 finire,
1213 633 1378 705 praesentes
1384 628 1506 688 tribule·

376 736 470 795 tiones
485 736 574 794 animi
589 736 764 795 fortidudine
778 737 993 810 paruipendere,
1009 737 1040 794 iu
1054 740 1133 795 terra
1147 737 1260 809 praeter
1275 732 1416 807 proximos
1431 729 1506 789 nihil

376 854 483 910 amare,
499 838 595 897 cuncti
608 839 713 897 amoris
728 839 758 897 in
773 837 851 898 caelo
865 839 1034 897 thesaurum
1049 837 1223 897 constituere
1237 837 1267 894 et
1281 851 1332 908 pro
1347 832 1424 893 omni
1433 833 1533 894 bonos

376 941 442 998 actu
469 941 626 999 mercedem
649 940 680 998 in
695 939 867 999 caelestibus
892 939 984 999 aDeo
997 955 1121 1013 sperare.
1147 937 1288 1013 pudicitia
1313 936 1508 995 ornamentum

376 1041 516 1100 nobilium
532 1045 595 1116 est,
625 1041 765 1103 exultatio
786 1042 952 1113 humilium,
974 1041 1112 1102 nobilitas
1141 1040 1327 1115 ignobilium,
1349 1036 1512 1112 pulcritudo

377 1141 490 1214 uilium,
520 1144 697 1217 prosperitas
723 1145 923 1216 laborantium,
952 1146 1079 1203 solamen
1100 1143 1297 1212 moerentium,
1323 1140 1509 1213 augmentum

377 1245 468 1304 omnis
483 1244 702 1318 pulcritudinis,
730 1248 815 1306 decus
841 1245 1003 1320 religionis,
1030 1245 1160 1305 defensio
1175 1245 1342 1314 criminum,
1368 1239 1509 1313 multipli-

377 1345 453 1405 catio
468 1346 649 1419 meritorum,
674 1349 811 1408 creatoris
826 1349 949 1408 omnium
963 1348 1017 1407 Dei
1028 1347 1165 1408 amicitia.
1520 1360 1547 1400 ¹⁰

702 1534 872 1593 bonulus
901 1534 988 1592 SINE
1012 1533 1185 1594 VIRTVTE.

347 1695 365 1750 6
426 1683 529 1742 Sextus
551 1685 698 1744 abusionis
713 1682 822 1758 gradus
837 1689 882 1744 est
897 1686 1027 1745 dominus
1042 1684 1104 1744 siue
1119 1686 1236 1756 uirtute,
1262 1684 1331 1757 quia
1355 1682 1428 1741 nihil
1443 1695 1510 1753 pro·

385 1783 446 1844 ficit
469 1786 633 1845 dominandi
648 1787 753 1846 habere
780 1789 966 1861 potestatem,
995 1786 1022 1846 si
1036 1787 1167 1845 dominus
1193 1787 1254 1859 ipse
1280 1800 1339 1845 non
1364 1785 1469 1844 habeat
1483 1785 1513 1842 et

376 1889 495 1947 uirtutis
510 1889 643 1962 rigorem.
661 1891 711 1948 sed
727 1890 776 1949 hic
784 1890 909 1948 uirtutis
923 1890 1003 1962 rigor
1017 1907 1071 1947 non
1095 1891 1154 1946 tam
1169 1889 1310 1946 exereitus
1330 1886 1507 1957 fortitudine,

377 2005 449 2060 quae
465 1993 494 2048 et
509 1990 573 2061 ipsa
588 1991 785 2048 saecularibus
802 1991 924 2050 dominis
939 1990 1101 2048 necessaria
1115 1994 1175 2061 est,
1192 1989 1304 2062 indiget
1318 2006 1403 2062 quam
1417 1987 1505 2045 animi
1516 2006 1541 2045 rs

377 2088 541 2150 interiorem
554 2092 751 2151 fortitudinem
759 2109 809 2165 per
819 2094 906 2151 bonos
914 2109 1006 2151 mores
1013 2108 1143 2150 exercere
1155 2087 1250 2150 debet.
1268 2107 1353 2161 saepe
1368 2089 1443 2149 enim
1458 2089 1509 2148 do·

378 2191 506 2251 minandi
521 2193 615 2251 uirtus
624 2209 675 2267 per
685 2192 772 2251 animi
787 2193 998 2267 neglegentiam
1006 2193 1145 2266 perditur,
1162 2193 1274 2252 sicutin
1283 2193 1351 2253 Heli
1365 2193 1511 2252 sacerdote

379 2293 487 2352 tactum
502 2293 594 2353 fuisse
609 2296 819 2367 comprobatur.
844 2295 893 2367 qui
908 2295 975 2354 dum
987 2311 1037 2366 per
1052 2295 1236 2354 seueritatem
1251 2295 1348 2354 iudicii
1362 2297 1512 2369 peccantes

378 2394 453 2453 filios
469 2412 526 2453 non
542 2395 682 2468 coercuit,
711 2411 808 2454 eorum
823 2396 965 2456 uindictae
985 2397 1124 2456 Dominus
1144 2396 1226 2455 uelut
1246 2395 1434 2455 consentienti
1453 2413 1509 2454 uon

378 2496 516 2569 pepercit.
539 2497 597 2556 tria
611 2513 682 2570 ergo
698 2498 859 2557 necessaria
873 2515 920 2557 eos
936 2498 985 2571 qui
1000 2498 1181 2557 dominantur
1191 2499 1297 2557 habere
1311 2502 1433 2572 oportet,
1448 2501 1507 2556 ter-
1519 2517 1545 2558 so

378 2614 470 2656 rorem
483 2597 595 2658 seilicet
610 2602 639 2657 et
655 2598 861 2658 ordinationem
875 2603 1053 2658 clamorem.
1083 2600 1140 2658 nisi
1163 2600 1238 2659 enim
1250 2603 1361 2659 ametur
1376 2599 1508 2659 dominus

378 2701 407 2756 et
423 2702 575 2771 metuatur,
592 2699 733 2759 ordinatio
745 2699 824 2760 illius
835 2704 965 2760 constare
975 2701 1090 2761 minime
1102 2701 1217 2774 poterit
1233 2719 1285 2774 per
1296 2702 1433 2762 beneficia
1444 2718 1512 2776 erge

378 2804 406 2858 et
427 2799 628 2860 affabilitatem
659 2805 792 2876 procuret
811 2806 844 2862 ut
870 2803 1017 2876 diligatur,
1047 2806 1077 2861 et
1103 2821 1155 2877 per
1179 2804 1273 2864 iustas
1290 2804 1435 2864 uindictae
1455 2822 1511 2864 non

446 3125 612 3193 2intemae]
633 3129 756 3179 aeternae
772 3144 790 3181 e
898 3110 950 3181 dn⁶0
984 3127 1040 3181 iesu
1061 3129 1154 3192 GXV,
1177 3128 1260 3183 deoc
1397 3131 1512 3197 3opere

378 3211 483 3265 bonav
576 3213 694 3281 tantum]
714 3214 804 3265 tamen
824 3212 848 3264 G
866 3213 898 3266 a'a
915 3227 971 3266 rae.
1064 3213 1082 3265 4
1100 3214 1236 3281 negligere
1253 3213 1443 3284 paruipendera
1460 3230 1477 3267 υ

378 3296 463 3349 nilG
533 3297 725 3350 bthesaurum
743 3297 772 3349 in
789 3298 861 3350 coelo
878 3313 902 3360 e,
921 3313 986 3365 opus
1004 3298 1032 3350 in
1051 3297 1153 3351 eaelum
1171 3298 1203 3351 X
1269 3299 1339 3352 bono
1357 3299 1430 3353 omni
1452 3299 1478 3352 V

378 3381 496 3435 badae
513 3381 543 3434 in
563 3380 757 3435 caelestibusv
854 3380 993 3449 pudicitia]
1012 3397 1101 3449 namq.
1120 3382 1185 3436 cdd.
1207 3384 1319 3437 Gna2
1410 3384 1509 3437 8uili·

377 3466 431 3535 um]
451 3465 618 3520 debilinmo
720 3464 879 3520 9omnibus
896 3466 1143 3535 pulchritudinibus
1161 3467 1192 3521 X
1289 3469 1323 3522 14
1339 3471 1368 3522 at
1384 3469 1507 3538 uirtutis]

377 3552 525 3605 uirtutiso
618 3552 752 3604 exereitus
769 3552 809 3617 X,
827 3551 984 3604 exterioris
1075 3551 1250 3608 fortitudine·
1271 3553 1296 3605 G
1388 3555 1422 3606 lb
1438 3554 1507 3607 indi-

377 3639 424 3703 get
442 3652 527 3690 om.o
644 3636 677 3689 16
696 3635 819 3689 interiori
837 3634 996 3690 fortitudine
1012 3652 1036 3702 o,
1054 3635 1217 3690 fortitudine
1234 3652 1302 3705 quae
1320 3636 1351 3689 X
1460 3654 1508 3706 per

376 3720 458 3774 honos
476 3736 562 3774 mores
580 3736 630 3774 om.
650 3737 675 3784 c,
693 3721 840 3789 perbonos
857 3720 888 3774 X
968 3723 1081 3776 exerceri
1100 3722 1147 3776 Xe
1234 3723 1476 3777 radinensem

377 3807 505 3874 perditur]
525 3805 656 3859 fortitudo
674 3805 738 3859 adet
757 3823 773 3860 e
912 3807 945 3860 18
963 3808 1019 3876 qui]
1038 3807 1082 3860 cui
1101 3807 1130 3860 X
1148 3806 1204 3861 sect
1222 3823 1292 3861 corr.
1422 3824 1468 3876 per
1486 3825 1506 3861 s.

376 3890 480 3960 iudicii]
500 3892 644 3944 seueritete
662 3890 793 3946 iudicise
915 3892 948 3944 19
966 3891 994 3945 in
1012 3908 1137 3946 coruino
1261 3891 1383 3946 uindicta
1401 3892 1474 3946 XVc

376 3977 438 4044 non]
457 3976 584 4030 ferociter
600 3992 689 4031 nonu
811 3976 845 4030 20
862 3976 914 4045 eos]
934 3977 984 4030 bos
1008 3977 1048 4031 Vc
1171 3976 1204 4030 21
1224 3976 1346 4031 dominus
1363 3978 1465 4045 pariter
1481 3996 1506 4042 o,

376 4076 427 4115 om.
444 4064 477 4116 tn
493 4077 549 4116 rae.
570 4063 600 4116 X
698 4061 732 4114 22
750 4061 836 4130 illius]
855 4061 965 4125 11111411,
984 4062 1076 4116 illiso
1174 4065 1297 4130 potesta
1394 4062 1429 4118 23
1446 4064 1509 4117 eda-

376 4145 513 4200 bilitatem
531 4147 574 4200 X¹
