3720 4920
671 381 717 435 De
739 378 955 435 aleatoribus
978 395 1001 434 o
1019 379 1114 433 9-11.
1401 384 1461 448 103

325 545 356 601 et
368 544 509 604 Dominus
524 542 628 603 iterum
643 541 673 600 in
689 540 839 615 euangelio
853 540 942 613 negat
956 541 1122 611 peeoatores
1138 538 1168 595 et
1180 539 1332 608 exprobrat
1348 537 1462 597 diosus:

324 647 487 705 reoedite
508 661 525 703 s
546 660 597 703 me
620 658 740 705 omnes
762 643 822 716 qui
844 640 1047 717 operamini
1070 639 1313 699 iniustitiam:
1337 640 1463 699 neseio

325 762 397 804 noe.
426 751 457 805 ot
476 747 620 808 Iohannes
642 744 789 818 apostolus
813 743 897 802 dieit:
928 743 1044 802 omnia
1066 741 1126 815 qni
1148 745 1293 815 peooat,
1316 746 1465 801 nonest

325 847 366 907 de
400 847 483 919 Deo,
516 849 578 908 sed
610 847 651 906 de
683 844 831 905 diabolo
863 846 938 904 est:
974 846 1009 904 et
1041 841 1153 902 saitis
1181 843 1351 916 quoniam
1379 844 1463 904 ideo

303 951 507 1010 anenturua
540 953 597 1010 est
628 949 739 1008 iilius
760 947 842 1019 Dei,
875 950 915 1006 nt
941 947 1077 1020 perdat
1108 944 1217 1003 filios
1250 945 1402 1005 diaboli.
1437 946 1464 1004 si

325 1051 390 1125 quis
405 1050 586 1110 cmistienus
601 1051 711 1111 aleator
725 1065 767 1122 oe,
783 1053 850 1109 tuna
867 1053 896 1110 et
912 1048 1083 1108 hereditatis
1099 1051 1165 1107 tuae
1180 1047 1315 1107 inimions
1329 1064 1369 1108 ee.
1397 1048 1463 1123 qui·

325 1168 445 1225 eumque
471 1168 502 1211 es
528 1152 625 1212 desine
651 1154 688 1211 ab
715 1151 768 1211 illa
793 1150 939 1211 dementia
964 1152 1015 1210 tua
1037 1150 1132 1209 miser.
1155 1150 1225 1222 quid
1239 1151 1268 1209 te
1283 1150 1313 1207 in
1328 1150 1464 1222 laqueum

325 1254 426 1314 mortis
447 1271 511 1313 enm
531 1252 644 1313 diabolo
666 1252 742 1313 ultro
757 1252 950 1328 praecipitus?
974 1252 1043 1325 quid
1058 1267 1127 1326 opes
1141 1253 1172 1311 et
1186 1250 1305 1311 diuitiae
1320 1255 1386 1311 tuas
1400 1267 1463 1311 sor·

327 1357 485 1417 didieeimis
500 1357 577 1416 aeris
592 1356 723 1415 amittis?
747 1357 816 1431 qnid
827 1357 858 1414 te
872 1355 984 1430 laqueis
999 1355 1196 1415 saeoularibua
1211 1354 1337 1414 innolnis
1352 1357 1385 1413 nt
1400 1373 1464 1414 oum

291 1478 317 1519 ro
326 1459 440 1518 saeculo
454 1458 609 1517 indideris?
632 1457 704 1531 quid
717 1455 864 1516 inimicum
879 1460 961 1516 tuum
975 1456 1125 1516 fauoribus
1146 1457 1287 1515 laudando
1309 1455 1464 1529 delinquis,

327 1577 391 1620 enm
406 1577 462 1634 quo
477 1574 593 1619 neeesse
608 1562 654 1619 est
669 1562 702 1618 ut
716 1557 869 1631 puniaris?

368 1661 440 1722 llsto
454 1662 552 1735 potius
567 1678 623 1721 non
638 1660 748 1720 aleator
763 1660 814 1719 sed
833 1661 1023 1731 ohmstianus,
1046 1660 1197 1735 peonniam
1218 1661 1298 1717 tuam
1313 1659 1463 1719 adsidente
1475 1655 1515 1714 11

326 1762 442 1823 christo
457 1762 656 1836 spectantibus
670 1762 783 1835 angelis
798 1766 827 1822 et
842 1763 1018 1836 martyribus
1030 1762 1229 1835 praesentibus
1240 1777 1327 1834 super
1337 1776 1465 1819 mensam

327 1863 498 1924 dominicam
524 1879 644 1939 sparge,
668 1863 872 1936 patrimonium
898 1864 980 1921 tuum
1005 1866 1082 1937 qnod
1108 1862 1230 1922 forsitan
1258 1879 1344 1921 saeuo
1370 1862 1466 1921 studio

292 1983 319 2023 rs
328 1966 493 2039 perditurus
518 1982 582 2024 eree
607 1964 785 2038 pauperibus
811 1963 925 2035 diuide,
959 1963 1078 2024 diuitias
1107 1968 1174 2023 tuas
1199 1965 1315 2023 Christo
1337 1962 1466 2023 uincenti

328 2068 494 2140 oommitte,
517 2083 620 2126 eerune
635 2083 700 2126 oum
714 2065 836 2127 Domino
851 2069 902 2127 tuo
917 2082 1048 2139 auooare,
1074 2066 1170 2127 studio
1185 2065 1285 2127 deifloo
1300 2066 1467 2139 obsequere,

250 2216 252 2220 >
334 2174 425 2229 artem
441 2169 556 2229 Domini
571 2169 685 2227 imitare
701 2185 773 2242 quas
789 2185 845 2226 non
861 2170 963 2241 perdet
978 2168 1029 2227 aed
1044 2167 1140 2240 potins
1155 2168 1293 2241 acquiret.
1317 2167 1415 2226 desine
1430 2167 1467 2225 ab

328 2270 395 2330 illos
423 2273 488 2330 tuos
513 2269 709 2329 inraoissimos
733 2285 843 2340 mores,
867 2269 968 2330 oohibe
988 2269 1174 2343 praeeipitem
1196 2269 1355 2342 nequitiam
1370 2271 1465 2328 tuam:

331 2373 372 2431 sit
386 2373 441 2432 tibi
455 2388 526 2443 oum,
537 2371 712 2445 pauperibus
730 2370 894 2430 cotidianus
907 2371 1000 2442 luens,
1016 2371 1057 2430 sit
1071 2371 1127 2430 tibi
1140 2387 1205 2429 oum
1219 2371 1316 2429 uiduis
1330 2370 1468 2443 frequens

296 2473 475 2548 rooperatio:
509 2488 625 2532 oensum
651 2476 682 2530 et
706 2472 865 2545 adparatus
897 2473 963 2532 tuos
988 2489 1087 2532 omnes
1113 2473 1149 2530 ad
1176 2471 1304 2529 studium
1329 2471 1468 2530 oculosue

329 2575 469 2645 distrahe,
496 2592 595 2633 aurum
621 2577 703 2633 tuum
717 2576 748 2633 et
773 2576 926 2647 argentum
952 2575 982 2634 et
1008 2573 1144 2646 pecunias
1170 2575 1237 2631 tuae
1262 2572 1292 2629 in
1320 2572 1467 2631 thesauris

329 2678 505 2738 caelestibus
531 2693 645 2750 repone,
672 2677 777 2736 fundos
803 2679 833 2734 et
858 2675 946 2734 uillas
973 2677 1040 2735 tuas
1054 2676 1132 2734 iusta
1145 2674 1312 2748 operatione
1327 2675 1364 2732 sd
1379 2690 1467 2747 pera·

331 2779 425 2846 disum
451 2793 574 2849 remoue,
600 2781 634 2837 ut
658 2780 777 2851 poeeata
791 2779 843 2835 tue
869 2778 1010 2836 donentur
1033 2777 1089 2835 tibi
1104 2775 1303 2850 eleemosynis,
1319 2777 1349 2834 et
1363 2790 1466 2849 opera·

396 3009 414 3062 2
431 3008 534 3064 maun.
552 3010 578 3074 7,
596 3007 639 3063 23.
744 3007 793 3063 31
812 3009 853 3063 10.
870 3009 896 3073 5,
915 3009 958 3062 18.

397 3224 412 3276 1
431 3225 460 3276 et
477 3205 529 3277 dn}
545 3222 644 3276 iterum
661 3221 699 3284 D,
718 3221 818 3275 iterum
835 3219 959 3275 dominns
981 3218 1049 3288 QTo
1137 3217 1277 3287 euangelio
1295 3233 1345 3272 auo
1367 3216 1434 3287 QTo

328 3307 459 3376 exprobat
480 3307 504 3377 Q
612 3306 630 3359 2
649 3306 736 3360 omnis
753 3306 784 3360 D
887 3306 976 3359 neseio
994 3320 1042 3358 nos
1058 3304 1097 3369 D,
1114 3318 1261 3372 numquam
1279 3318 1327 3356 nos
1345 3302 1469 3372 oognitoe

327 3391 412 3446 habui
434 3392 499 3462 QTo
611 3390 629 3445 4
647 3390 695 3444 deo
713 3392 755 3443 est
776 3392 802 3445 Τ
910 3390 927 3443 6
945 3389 1048 3442 aleator
1064 3388 1230 3443 christianus
1251 3387 1318 3457 QTo
1430 3388 1468 3456 es]

327 3479 370 3532 est
390 3477 415 3528 T
526 3475 610 3529 'ltua
627 3490 678 3529 om.
699 3473 765 3544 QTo
880 3476 897 3530 8
915 3490 977 3527 oum
994 3489 1045 3528 om.
1064 3471 1139 3542 Mo·
1242 3473 1315 3526 ultro
1334 3488 1385 3527 ora
1409 3474 1434 3526 T

328 3561 404 3629 quid]
424 3559 494 3628 qnod
516 3558 568 3627 ΟΥ
690 3558 888 3613 sordidissimae
906 3559 976 3613 aeris
998 3559 1055 3627 QT,
1073 3557 1259 3611 sordidissimo
1277 3558 1468 3622 aereDo,·c1'.

322 3660 354 3713 p.
371 3648 416 3709 98,
434 3647 470 3698 14
567 3645 585 3697 9
603 3643 711 3697 amittis
723 3643 761 3707 D,
779 3642 976 3714 admittisQTo
1073 3643 1195 3696 inuolues
1211 3641 1249 3708 D,
1267 3643 1392 3697 inuolens
1411 3642 1438 3696 T

326 3730 396 3799 oum]
415 3728 477 3784 deo
547 3728 582 3782 10
598 3727 737 3796 delinques
748 3728 832 3799 DQT
900 3729 932 3782 11
952 3728 1023 3798 quod
1036 3743 1095 3782 onm
1107 3726 1182 3795 ΜΨ
1253 3732 1286 3781 ut
1300 3717 1435 3797 ora'QTo

328 3815 362 3867 14
380 3829 458 3884 qnem
476 3813 648 3883 forsitamQ
718 3814 752 3867 16
769 3815 891 3885 anooare]
910 3829 1034 3869 nooareo
1104 3813 1137 3866 17
1157 3812 1303 3880 perditDn
1377 3813 1469 3879 aequi-

212 3960 215 3965 ,
326 3897 366 3951 rit
383 3917 400 3954 o
481 3898 515 3953 18
532 3898 596 3953 illos
613 3901 675 3951 tuoe
692 3899 876 3953 imoissimoa
894 3915 982 3953 mores
994 3899 1031 3953 M
1034 3897 1116 3968 ¹0¹T,
1134 3897 1193 3952 illis
1212 3897 1268 3951 tuis
1280 3896 1470 3951 lnniaoissinris

328 3983 447 4038 moribus
465 3983 542 4054 DQ2,
561 3982 610 4037 illo
627 3985 676 4036 tuo
694 3983 863 4038 luraoisairno
880 3998 955 4037 more
972 3983 1021 4037 Μ’
1097 3981 1131 4035 19
1148 3982 1195 4052 eit]
1214 3982 1238 4035 si
1257 3981 1283 4035 T
1353 3981 1390 4035 20
1406 3982 1470 4034 tnas

325 4084 377 4123 ona
395 4068 425 4122 D
516 4069 550 4122 21
569 4068 771 4140 thensaurisQ
869 4070 904 4123 22
922 4083 1018 4138 repone
1036 4084 1071 4123 ex
1089 4070 1118 4121 et
1134 4083 1203 4138 pono
1225 4065 1337 4136 Quat,
1356 4065 1470 4120 reconde

326 4157 355 4209 et
371 4171 440 4224 pone
457 4155 495 4209 Μ
510 4155 558 4210 eod
574 4153 686 4208 reeonde
703 4154 735 4208 in
751 4171 836 4226 nram.
855 4156 929 4208 m.2
1030 4150 1276 4223 apparadieonrnQ
1367 4150 1405 4204 23
1421 4152 1471 4203 tna

326 4255 377 4295 om.
400 4239 465 4309 QTo
569 4239 719 4294 elimosinis
739 4239 791 4310 QT
892 4239 1059 4293 orationibus
1082 4238 1146 4308 QTo
