3720 4920
614 403 659 457 De
678 401 811 471 duplici
829 402 998 471 martyrio
1016 419 1039 459 c.
1057 403 1169 458 art-31.
1394 406 1457 471 241

322 560 435 634 religio,
451 576 503 619 uec
518 559 593 620 alios
609 560 781 619 detestemur
797 559 853 634 ipsi
869 560 1053 634 grauioribus
1068 561 1182 621 obnoxii
1198 560 1378 621 criminibus:
1406 578 1459 622 uec

320 664 390 724 aiibi
417 663 508 722 simus
536 661 669 736 religiose
697 661 802 734 timidi,
829 660 901 720 alibi
927 661 1110 736 impudenter
1131 663 1222 737 impii.
1246 665 1297 722 sed
1312 663 1458 723 Obristum

320 767 407 827 semel
424 765 549 839 professi
564 769 627 824 tota
641 765 703 823 uita
719 764 871 825 reddamus
886 763 931 824 illi
946 765 1155 837 testimonium,
1178 769 1208 826 ot
1227 766 1351 840 undique
1366 765 1457 841 glori·

320 868 437 929 ficamus
461 867 544 927 illum
568 867 733 927 obedientes
755 866 835 926 illius
850 866 1028 941 praeceptis:
1053 869 1086 926 ut
1101 867 1131 925 in
1146 869 1201 928 hoc
1215 872 1391 941 cognoscent
1404 869 1458 927 bo·

299 970 413 1030 smines
436 970 513 1046 quod
533 986 602 1031 uere
617 969 731 1030 fidimus
746 969 802 1041 illi,
826 970 903 1044 qnod
918 986 954 1030 er
969 969 1064 1030 suiuus
1080 969 1228 1046 diligimus
1242 969 1324 1030 illum
1339 974 1369 1032 et
1382 971 1458 1046 quod

319 1091 376 1134 non
391 1074 527 1133 simulate
542 1075 578 1131 ad
595 1089 708 1131 sacrum
722 1074 868 1131 lauacrum
884 1072 1047 1131 addiximus
1062 1089 1115 1131 nos
1129 1071 1209 1131 illius
1223 1072 1354 1132 militiae.

362 1175 472 1234 Beatus
493 1175 641 1248 apostolus
662 1173 804 1247 praedixit
825 1173 900 1232 unlli
915 1174 963 1247 pie
977 1174 1076 1233 uiuere
1092 1174 1201 1234 uolenti
1217 1175 1246 1232 iu
1261 1174 1375 1234 Christo
1390 1175 1456 1234 Iesu
1467 1174 1510 1235 30

320 1277 485 1337 defuturam
511 1276 748 1349 persecutionem.
772 1275 798 1334 si
819 1275 900 1334 deest
921 1280 1075 1350 tyrannus,
1103 1277 1130 1335 si
1143 1280 1246 1350 tortor,
1262 1277 1287 1335 si
1303 1278 1455 1351 spoliator:

320 1398 377 1440 non
393 1379 485 1439 deerit
501 1377 733 1452 concupiscentia
747 1378 879 1452 martyrii
895 1379 1045 1438 materiam
1062 1378 1257 1451 quotidianam
1277 1379 1360 1438 nobis
1375 1380 1457 1439 exhi-

283 1483 400 1541 rebeus.
423 1484 567 1554 postremo
593 1481 665 1539 haec
690 1479 754 1553 ipsa
779 1480 856 1539 mala
882 1497 955 1554 quae
983 1498 1080 1541 secum
1106 1480 1199 1540 defert
1218 1481 1281 1539 uita
1295 1481 1457 1540 mortalium

317 1598 447 1657 quaeque
462 1583 520 1656 piis
535 1599 599 1641 cum
615 1581 711 1655 impiis
726 1583 885 1642 communia
897 1588 976 1655 suut,
992 1583 1125 1658 martyrii
1137 1599 1268 1643 coronam
1280 1583 1363 1642 uobis
1373 1600 1456 1657 para·

315 1686 399 1756 bunt,
427 1685 453 1743 si
473 1683 597 1756 placide,
624 1683 650 1742 si
671 1701 734 1742 cnm
749 1684 910 1758 gratiarum
925 1687 1038 1746 actione
1053 1685 1264 1759 pertulerimus.
1288 1701 1380 1758 neque
1395 1686 1456 1758 pri·

316 1786 378 1845 uati
400 1788 469 1844 sunt
496 1785 629 1858 martyrii
649 1784 742 1857 gloria
762 1786 933 1859 quicumque
950 1786 1079 1846 uiolenta
1094 1790 1185 1847 morte
1201 1787 1386 1846 consummati
1401 1805 1457 1846 non

316 1890 392 1947 sunt.
417 1887 483 1961 quis
510 1888 605 1946 autom
631 1888 707 1947 ausit
733 1889 780 1947 uel
795 1889 942 1947 Abnrham
970 1889 1167 1962 patriarcham
1193 1887 1241 1948 uel
1260 1888 1346 1948 huius
1366 1888 1458 1948 lilium

282 2009 306 2048 ιι
318 1991 401 2049 Isaac
416 1988 464 2049 uel
479 1989 596 2049 beatum
612 1991 663 2049 Iob
679 1992 831 2050 eximeres
847 1995 1005 2064 mamyrnm
1026 1994 1166 2050 numero?
1189 2007 1262 2065 quae
1277 1989 1457 2050 carnificinae

316 2091 436 2165 grannius
466 2094 614 2150 torserunt
643 2108 761 2165 corpus,
800 2110 886 2165 quam
917 2092 1101 2164 patriarchae
1130 2094 1254 2151 mentem
1285 2092 1456 2166 torquebant

316 2196 436 2252 naturae
452 2193 582 2266 mactus,
598 2210 662 2253 cum
677 2194 876 2254 incunctanter
891 2196 928 2253 ad
946 2195 1000 2254 Dei
1015 2195 1127 2254 iussum
1141 2198 1295 2268 appararet
1308 2195 1455 2254 immolare

318 2297 408 2356 tilium
422 2296 537 2355 unicum
552 2298 583 2355 et
598 2296 681 2357 unice
697 2313 803 2367 carum
826 2296 857 2355 in
873 2313 929 2371 quo
943 2297 1007 2356 tota
1034 2314 1101 2370 spes
1116 2300 1179 2356 erat
1193 2296 1238 2354 illi
1253 2295 1454 2369 posteritatis?

317 2396 387 2471 quid
402 2396 496 2456 defuit
512 2396 595 2458 Isaac
610 2398 758 2472 martyrio,
774 2397 823 2471 qui
838 2397 914 2456 nihil
929 2399 1148 2457 obmurmurans
1170 2414 1273 2472 passus
1287 2399 1333 2455 est
1348 2413 1379 2455 se
1395 2396 1454 2454 col·

281 2512 308 2553 ao
318 2499 405 2572 ligari
421 2504 451 2557 et
462 2499 571 2573 imponi
587 2500 681 2570 busto,
696 2515 749 2558 nec
764 2500 880 2571 expauit
894 2499 925 2558 in
941 2500 1082 2559 ceruicem
1097 2500 1239 2558 uibratam
1254 2500 1454 2559 machaeram?

316 2600 399 2659 cuius
425 2603 520 2660 auam
550 2600 719 2675 martyrium
742 2601 909 2660 audebimus
936 2602 1066 2661 conferre
1092 2618 1155 2660 cum
1182 2601 1228 2659 his
1254 2618 1326 2674 quae
1351 2616 1456 2675 passus

271 2689 273 2694 ¹
314 2708 360 2762 est
383 2703 456 2762 Iob?

358 2803 438 2874 Quod
455 2805 480 2862 si
497 2804 563 2878 quis
579 2803 673 2864 adhuc
687 2804 793 2863 diffidit
809 2804 933 2864 sermoni
955 2807 1071 2877 nostro,
1094 2806 1172 2863 certe
1195 2802 1273 2862 beati
1286 2802 1370 2861 Pauli
1386 2820 1451 2863 uer·
1465 2800 1504 2857 31

312 2906 359 2965 bis
374 2923 431 2965 non
446 2907 558 2980 poterit
573 2906 714 2966 diffidere.
730 2905 755 2966 is
771 2906 900 2966 scribens
915 2907 952 2965 ad
967 2906 1115 2966 Hebraeos
1129 2923 1211 2964 orsus
1225 2906 1263 2964 ab
1277 2904 1453 2978 ebolusque

279 3024 304 3065 as
315 3009 352 3067 ad
367 3007 527 3068 Gedeonem
538 3009 684 3081 ingentem
699 3011 862 3067 sanctorum
877 3009 1040 3081 catalogum
1055 3010 1195 3078 recenset,
1221 3007 1253 3066 iu
1277 3023 1332 3082 quo
1354 3006 1453 3079 plures

313 3113 381 3170 suut
396 3112 446 3185 qui
460 3128 518 3169 non
535 3111 664 3171 defuncti
689 3113 756 3170 suut
782 3114 872 3170 morto
887 3110 1031 3182 uiolenta,
1059 3110 1145 3170 immo
1170 3111 1254 3184 pauci
1268 3112 1335 3170 suut
1347 3110 1395 3181 qui
1411 3109 1454 3167 sic

311 3213 418 3272 mortui
433 3216 520 3271 suut:
544 3215 574 3271 et
589 3215 685 3272 tamen
700 3213 735 3272 de
749 3212 880 3272 omuibus
895 3213 1081 3286 pronuntiat:
1113 3216 1147 3272 ot
1169 3212 1207 3270 hi
1229 3211 1453 3272 testimonio

302 3315 405 3386 ¹fidei
427 3314 580 3389 probati
604 3314 750 3373 inuenti
778 3318 880 3385 sunt,
919 3314 1069 3388 perspicuo
1099 3314 1248 3374 declarans
1273 3314 1360 3374 etiam
1389 3312 1453 3371 nita

311 3419 387 3478 bona
400 3419 502 3493 peragi
517 3419 686 3493 martyrium
701 3417 778 3476 fidei.
802 3418 938 3478 ecclesiae
950 3418 1065 3493 quidem
1081 3435 1151 3477 usus
1170 3418 1308 3478 discernit
1320 3416 1386 3476 illos
1402 3433 1452 3476 co·

276 3540 302 3579 so
311 3520 505 3594 gnominibus‚
515 3519 811 3594 martyrssappellaus
819 3520 926 3593 eosqui
939 3520 1066 3579 uiolenta
1078 3521 1169 3579 morte
1181 3520 1373 3590 decesserunt,
1383 3535 1452 3577 con·

311 3623 435 3682 fossores
450 3621 500 3695 qui
516 3624 682 3682 constanter
696 3623 726 3680 in
741 3622 915 3681 cruciatibus
941 3639 975 3681 ac
1000 3621 1088 3680 minis
1113 3620 1213 3680 mortis
1239 3620 1362 3693 professi
1384 3624 1453 3680 sunt

311 3742 413 3784 nomeu
426 3724 542 3784 Domini
557 3725 623 3784 lesu
638 3724 733 3796 parati
748 3727 869 3784 mortem
885 3726 1019 3797 oppetere
1034 3724 1082 3782 uel
1098 3723 1194 3797 potius
1206 3723 1335 3798 martyrii
1350 3739 1452 3796 supre-

311 3845 386 3888 mam
403 3844 535 3888 coronam
551 3826 722 3886 ambientes.
745 3828 820 3900 apud
835 3827 927 3885 Deum
942 3830 1039 3886 umen
1055 3826 1226 3900 quicumque
1241 3842 1353 3885 carnem
1369 3842 1451 3885 suam

244 3981 251 3994 .
312 3930 515 3990 crucifixerunt
541 3947 605 3988 oum
627 3928 708 3987 uitiis
728 3931 758 3988 et
777 3928 1026 4000 concupiscentiis,
1053 3928 1224 4001 quicumque
1248 3927 1362 3987 Christo
1384 3945 1451 3988 uere

277 4033 479 4094 asoommortui
506 4035 575 4092 sunt
602 4031 685 4105 eique
709 4031 739 4090 in
752 4031 896 4105 baptismo
919 4031 1081 4104 consepulti
1096 4035 1175 4102 sunt,
1202 4031 1307 4091 utiam
1322 4047 1378 4089 uon
1393 4031 1451 4090 sibi

311 4135 413 4194 uiuant
439 4152 530 4208 neque
558 4137 663 4195 mundo
680 4135 725 4194 cui
740 4135 828 4194 semel
844 4136 949 4194 mortui
965 4139 1044 4206 sunt,
1072 4134 1123 4194 sed
1146 4137 1173 4192 ei
1188 4136 1238 4208 qni
1253 4152 1305 4210 pro
1320 4134 1392 4208 ipsis
1406 4137 1451 4192 est

380 4285 415 4339 ae
433 4284 516 4337 seor.
535 4287 560 4350 1,
579 4285 621 4340 ao.

413 4389 454 4436 ιιι
474 4390 497 4436 a
1203 4376 1242 4435 16
