3720 4920
678 351 725 410 na
747 350 963 422 spectaculis
985 367 1008 408 a
1027 351 1096 406 e-e
1279 317 1285 329 ⁸
1414 357 1453 420 ιι

284 505 285 508 ’
314 512 483 573 dementias.
506 511 629 587 denique
654 525 770 571 remoue
796 509 999 583 spectatorem,
1022 508 1183 568 reddideris
1208 509 1378 569 uanitatem.
1407 509 1456 570 in·

313 613 419 689 menda
432 617 501 675 sunt
515 616 574 675 ieta
588 613 756 674 christianis
771 611 916 685 fidelibus,
939 614 973 671 ut
986 609 1045 689 iam
1059 611 1226 686 frequenter
1240 610 1376 684 diximus,
1391 613 1454 671 tam

314 733 399 788 nana,
414 719 474 775 tam
489 714 660 792 perniciosa,
675 717 735 774 tam
751 713 893 787 sacrilega
909 713 1088 787 spectacula:
1104 715 1135 773 et
1144 713 1218 774 oculi
1232 713 1325 773 nostri
1340 715 1455 773 suntet

314 836 397 879 aures
411 819 623 879 custodiendae.
636 818 693 878 cito
707 818 738 876 in
752 818 807 877 hoc
821 817 1014 877 assuescimus
1026 817 1101 889 quod
1112 815 1255 889 audimus,
1270 815 1363 877 celere
1377 815 1408 874 iu
1423 816 1455 875 id

275 913 390 996 'equod
416 922 555 981 uidemus.
578 937 646 980 nam
672 937 737 980 cnm
762 936 844 980 mens
869 918 994 978 hominis
1019 919 1056 979 ad
1075 918 1148 978 uitia
1167 918 1232 992 ipsa
1246 918 1372 990 ducitur,
1396 918 1454 979 sibi

312 1022 383 1097 quid
396 1021 536 1095 faciet,si
550 1021 686 1080 habuerit
701 1020 852 1096 exemplo?
874 1022 979 1079 natura
993 1021 1120 1092 corporis
1135 1020 1248 1080 lubrica
1261 1037 1335 1094 qnae
1350 1022 1454 1093 sponte

312 1125 419 1186 estruit
439 1125 509 1198 quid
520 1123 623 1197 faciet,
650 1123 677 1182 ei
692 1122 781 1184 fuerit
795 1122 942 1196 impulsat
959 1120 1123 1182 euocandus
1138 1124 1183 1181 est
1197 1120 1312 1181 animus
1326 1122 1364 1182 ab
1376 1122 1453 1182 istis.

354 1226 451 1286 Habet
477 1226 655 1286 christianus
681 1226 846 1300 spectacula
872 1224 1006 1299 meliore,
1033 1225 1059 1285 si
1084 1224 1172 1297 uelit,
1199 1225 1290 1284 habet
1314 1242 1401 1286 ueras
1425 1221 1486 1285 et9

311 1329 476 1404 profuturae
491 1329 673 1403 uoluptates,
690 1328 717 1388 ei
731 1344 763 1388 se
778 1327 977 1403 recollegerit:
994 1329 1024 1388 et
1034 1330 1068 1387 ut
1082 1327 1213 1388 omittam
1228 1328 1281 1387 illa
1292 1345 1366 1401 quae
1380 1345 1454 1388 non·

278 1433 381 1494 rodum
408 1430 596 1505 contemplari
627 1432 744 1505 potest,
770 1430 860 1490 babet
880 1430 968 1490 istam
989 1428 1089 1489 mundi
1115 1430 1339 1503 pulcritudinem
1368 1446 1455 1504 qnam

311 1533 411 1593 uideat
436 1536 523 1608 atque
549 1532 680 1606 miretur,
708 1532 780 1593 solis
800 1534 896 1592 ortum
917 1532 1050 1606 aspiciat,
1071 1549 1172 1593 rursus
1192 1548 1324 1592 occasum
1344 1531 1455 1592 mutuis

310 1635 423 1695 uicibus
443 1635 505 1694 dies
524 1638 679 1709 noctesque
701 1638 898 1706 reuocantom,
920 1631 1039 1709 globum
1061 1635 1148 1694 lunae
1168 1638 1331 1708 temporum
1350 1649 1454 1693 comus

310 1734 494 1796 incrementis
510 1735 571 1795 suis
587 1733 828 1810 detrimentisque
842 1734 1018 1810 signantem,
1034 1739 1179 1796 astrorum
1193 1736 1333 1794 micantes
1349 1736 1452 1796 choros

310 1840 342 1896 et
366 1837 480 1896 assidue
506 1838 541 1896 de
568 1853 680 1896 summa
705 1837 866 1896 mobilitate
892 1837 1058 1911 fulgentes,
1088 1838 1157 1897 anni
1182 1837 1275 1898 totius
1300 1837 1452 1911 pernices

276 1922 437 2004 remcmbra
462 1938 559 1997 diuisa
584 1941 614 1996 et
646 1937 708 1997 dies
739 1935 818 2012 ipsos
849 1955 914 1997 cunr
944 1937 1077 1998 noctibus
1108 1956 1160 2014 per
1188 1939 1325 1999 horarum
1357 1938 1453 2013 spatia

309 2040 437 2115 digestos
457 2043 487 2100 et
507 2043 603 2100 terrae
623 2040 727 2100 molem
746 2039 883 2098 libratam
904 2057 970 2101 cum
989 2040 1135 2101 montibus
1155 2043 1185 2101 et
1199 2041 1319 2114 profusa
1332 2040 1452 2099 flumina

309 2160 373 2202 curn
394 2142 454 2201 suis
475 2141 615 2213 lontibus,
632 2145 751 2202 extensa
765 2142 857 2201 maria
876 2159 941 2201 cnm
964 2142 1025 2201 suis
1045 2143 1182 2202 ductibus
1201 2145 1289 2216 atque
1303 2141 1450 2214 litoribus,

307 2243 423 2303 interim
452 2245 634 2302 constantem
661 2235 773 2317 *pariter
799 2260 911 2302 summa
941 2243 1152 2318 conspiratione
1178 2243 1354 2317 nexibusque
1381 2261 1450 2303 con·

308 2345 420 2406 cordiae
447 2348 596 2404 extensum
621 2360 717 2405 aerem
737 2346 863 2404 medium
883 2344 1028 2407 tenuitate
1050 2363 1103 2405 sua
1125 2348 1229 2406 cuncta
1255 2347 1449 2420 uegetantem,

274 2465 384 2512 »nuuc
411 2446 519 2506 imbres
549 2445 706 2506 contractis
735 2446 860 2507 nubibus
889 2449 1127 2522 profundentem,
1157 2463 1234 2506 nunc
1264 2447 1450 2506 serenitatem

306 2549 415 2610 relecta
440 2549 561 2609 raritate
581 2551 763 2609 reuocantem
786 2550 816 2609 et
838 2550 868 2608 iu
889 2551 1022 2610 omuibus
1042 2549 1109 2610 istis
1124 2551 1235 2611 incolas
1250 2549 1392 2623 proprios,
1418 2549 1449 2608 in

374 2784 605 2851 lexpectatorem
622 2799 658 2852 rp
745 2783 875 2837 redidcris
893 2803 922 2853 μ,
940 2784 1092 2839 consideras
1113 2785 1139 2837 Ζ
1231 2784 1321 2837 dista
1339 2799 1355 2837 a
1372 2783 1415 2837 Ζυ

304 2868 500 2937 aperniciosa]
518 2867 668 2936 periculosa
687 2868 713 2921 Z
824 2873 882 2921 tam
899 2885 920 2922 s.
939 2869 1092 2937 spectacula
1108 2885 1159 2923 om.
1179 2870 1207 2922 Z
1316 2869 1450 2937 aquibus

303 2955 414 3022 pectora
436 2955 557 3021 (pectora
581 2969 634 3007 ora
661 2955 689 3021 o)
713 2955 742 3007 et
759 2955 831 3008 oculi
849 2955 937 3008 nostri
959 2970 1019 3008 cum
1037 2954 1147 3008 auribus
1165 2956 1205 3021 (et
1226 2968 1304 3007 aures
1321 2956 1349 3022 o)
1372 2954 1416 3007 Ze

302 3038 513 3092 deustodienda
531 3040 559 3092 Z
689 3038 751 3107 hoc]
769 3039 798 3092 id
817 3040 842 3091 Z
962 3040 1046 3094 celere
1062 3040 1092 3092 iu
1110 3039 1139 3093 id
1156 3041 1257 3107 scripsi
1280 3039 1327 3105 (cs.
1346 3040 1448 3093 colorus

309 3121 414 3177 Gruter
431 3126 493 3186 549,
507 3125 544 3188 6),
562 3123 661 3177 scelere
679 3139 723 3190 τμ,
742 3124 770 3176 et
787 3123 900 3177 celerius
912 3124 945 3188 Ζ,
963 3139 1014 3177 om.
1032 3141 1049 3179 u
1140 3122 1242 3192 equod
1260 3123 1383 3177 uidemus
1396 3139 1446 3178 orn

303 3223 340 3278 ra
414 3207 490 3262 ducit
508 3206 563 3261 sibi
582 3209 615 3271 Ζ,
633 3207 782 3263 ducatnro
877 3208 1023 3263 tincturae
1041 3225 1096 3278 νμυ
1189 3208 1310 3262 lubricae
1327 3224 1388 3276 epu,
1405 3209 1448 3263 ln·

302 3292 378 3347 brica
394 3295 436 3347 est
454 3293 481 3346 Z
584 3293 730 3363 lcorruit]
748 3294 876 3364 congruit
894 3295 922 3347 Z
1005 3294 1215 3350 abnocandusZ
1316 3295 1368 3363 est]
1381 3295 1448 3351 ote.

302 3377 341 3432 2:
358 3377 445 3446 igitur
463 3378 560 3442 omnis,
578 3377 687 3432 ame:
704 3379 792 3446 igitur
861 3378 1078 3433 deibihabetZ
1144 3379 1372 3434 christianueom.
1388 3381 1415 3434 Ζ

302 3462 516 3532 9recollcgerit]
534 3463 722 3532 recognouerit
739 3464 782 3517 Za
886 3463 1017 3518 obmittat
1034 3465 1061 3518 Ζ
1165 3463 1199 3518 10
1215 3464 1315 3533 potest]
1333 3467 1448 3532 possunt

302 3547 345 3602 Ze
413 3548 446 3603 11
464 3564 572 3602 rursum
591 3549 633 3603 Ze·
709 3548 743 3603 12
761 3550 790 3603 et
806 3552 959 3618 temporum
977 3551 1004 3604 Ζ
1078 3550 1114 3606 13
1125 3548 1353 3618 decrementisque
1370 3551 1413 3604 Zo

301 3635 419 3689 aeterum
437 3647 461 3698 r,
479 3636 641 3703 anatramp
753 3634 899 3689 micantem
915 3635 973 3705 ψ’,
990 3636 1184 3689 micantiumo
1328 3635 1362 3689 14
1379 3636 1448 3689 assi·

302 3717 362 3788 due]
381 3735 398 3773 a
414 3735 521 3773 summa
537 3735 574 3789 νμ
679 3736 783 3775 summo
802 3737 838 3789 epe
942 3721 1089 3776 nobilitate
1107 3723 1133 3776 Z
1230 3722 1312 3793 moes]
1330 3720 1395 3776 odd
1413 3737 1446 3776 o:

301 3819 405 3858 summa
422 3803 455 3858 de
472 3821 577 3860 summo
682 3805 762 3860 ilict
779 3807 1043 3876 terrae1terrano
1146 3809 1175 3860 et
1191 3822 1242 3862 ocra
1261 3807 1288 3860 Z
1384 3823 1448 3876 pro·

300 3890 368 3946 flusa
384 3893 442 3960 ψ’,
461 3890 599 3959 profluae
687 3892 719 3946 l‘i
739 3890 880 3946 lictoribus
899 3892 926 3945 Ζ
1011 3891 1046 3946 18
1063 3890 1183 3961 interim]
1203 3889 1275 3945 inter
1292 3890 1359 3945 hacc
1376 3891 1446 3946 cont

301 3976 436 4031 Latiam
552 3981 722 4033 constantem
740 3994 791 4033 orn
810 3980 837 4032 Z
964 3979 1066 4047 pariter
1083 3994 1114 4032 ac
1132 3980 1159 4033 Ζ
1282 3979 1447 4047 aspiratione

299 4062 334 4127 Ζ,
351 4062 469 4130 conspici
487 4063 593 4117 ratione
611 4079 647 4132 rp
739 4078 821 4118 nexus
839 4063 886 4131 qni
904 4065 932 4117 Ζ
1035 4064 1069 4117 19
1086 4066 1210 4118 meus
1228 4065 1255 4118 Ζ
1357 4078 1445 4117 aorem

300 4145 428 4217 medium]
446 4146 533 4202 latere
550 4146 639 4202 medio
658 4149 685 4203 Ζ
787 4150 822 4204 20
840 4148 1038 4219 serenitatem
1130 4149 1164 4203 21
1177 4150 1275 4204 rariter
1286 4151 1444 4204 euocantem

300 4246 336 4299 rps
440 4231 512 4301 istis]
531 4232 586 4286 hiis
604 4234 632 4286 Z
