3720 4920
868 361 1050 434 appendia

729 575 932 635 EPISCOPVS
953 576 1185 636 monadibus.

347 731 388 788 10
440 726 571 785 Decimus
586 727 730 786 abusionis
752 731 858 801 gradus
873 733 919 788 est
933 731 1083 803 episcopus
1097 731 1268 804 neglegens,
1291 731 1340 804 qni
1354 732 1462 805 gradus
1476 729 1521 787 sui

396 829 529 887 honorem
566 829 641 886 inter
669 830 796 888 homines
826 831 963 904 requirit,
1001 832 1052 890 sed
1090 833 1242 892 ministerii
1268 834 1312 892 sui
1352 833 1522 905 dignitatem

395 947 490 988 coram
504 931 578 1001 Deo,
600 948 652 1005 pro
666 947 721 1002 quo
737 931 907 1005 legationem
923 934 1068 1007 fungitur,
1084 952 1141 992 non
1155 935 1288 993 custodit.
1304 934 1426 1009 primum
1440 950 1521 991 nam·

397 1048 451 1105 qus
463 1032 500 1091 ab
516 1032 646 1107 episcopo
661 1033 729 1106 quid
745 1035 790 1092 sui
805 1034 929 1094 nominis
950 1035 1077 1109 dignitas
1096 1038 1176 1095 tenet
1191 1037 1365 1109 inquiratur:
1389 1035 1544 1109 quoniame

397 1135 545 1208 episcopus
572 1152 637 1193 cnm
652 1136 787 1196 Graecum
813 1138 985 1208 nomenoio,
1008 1139 1170 1211 speculator
1191 1139 1404 1211 interpretatur.
1435 1152 1523 1211 quara

397 1251 465 1293 uero
490 1236 652 1307 speculator
676 1238 792 1311 ponitur
816 1241 846 1297 et
870 1240 939 1310 quid
963 1256 981 1297 a
1003 1240 1179 1312 speculatore
1201 1241 1356 1314 requiritur
1387 1238 1525 1297 Dominus

397 1337 458 1410 ipse
472 1339 614 1407 denudat,
637 1346 699 1397 cum
720 1342 774 1397 sub
793 1340 952 1399 Ezechielis
973 1343 1128 1415 prophetae
1148 1360 1269 1415 persona
1290 1343 1420 1415 episcopo
1436 1339 1523 1398 officii

397 1438 444 1496 sui
472 1438 609 1498 rationem
639 1441 804 1512 denuntiat,
834 1443 876 1501 ita
905 1443 1052 1518 inquiens:
1082 1445 1353 1516 speculatorem
1382 1443 1466 1502 dedi
1489 1444 1525 1500 te

398 1539 517 1598 domui
539 1541 666 1600 Israel.
689 1543 844 1602 audieus
866 1562 954 1619 ergo
983 1563 1022 1604 ex
1044 1563 1103 1605 ore
1132 1563 1204 1605 meo
1226 1562 1429 1604 sermonem
1464 1545 1560 1601 ard-io

398 1641 592 1701 nuntiabis
625 1643 679 1701 eis
706 1660 749 1701 ex
782 1663 840 1704 me.
869 1647 900 1703 si
923 1650 1043 1706 autem
1071 1648 1212 1707 uideris
1234 1646 1402 1720 gladium
1424 1644 1525 1703 ueni-

399 1744 517 1803 entem
549 1748 585 1803 et
612 1747 650 1803 tu
678 1763 745 1804 non
773 1748 1060 1807 adnuntieueris
1094 1751 1131 1807 ut
1153 1751 1370 1806 reuertatur
1392 1747 1526 1819 impius

402 1848 593 1918 abissus,
617 1849 696 1922 ipsc
713 1850 855 1921 quidem
879 1850 1013 1923 impius
1036 1852 1071 1908 in
1094 1849 1377 1923 iniquitatesna
1398 1848 1526 1906 morio·

399 1952 476 2020 tur,
507 1950 720 2021 sanguinem
742 1955 860 2009 antem
883 1953 964 2010 eius
986 1954 1026 2010 de
1048 1970 1151 2011 manu
1179 1955 1242 2010 tua
1273 1952 1463 2023 requiram.
1494 1949 1527 2006 si

399 2053 522 2110 autem
553 2055 589 2110 tu
618 2053 903 2113 adnuntiausris
935 2057 970 2112 et
1001 2052 1069 2111 ille
1090 2070 1159 2112 non
1180 2052 1300 2111 fuerit
1334 2066 1562 2119 reuersum

400 2153 478 2225 ipse
501 2154 641 2224 quidem
663 2153 698 2210 in
720 2155 927 2226 iniquitate
948 2172 1012 2212 sua
1032 2155 1222 2224 morietur,
1244 2155 1306 2211 sed
1321 2157 1359 2211 tu
1374 2152 1528 2211 animam

399 2256 497 2312 tuam
517 2254 701 2313 liberasti.
725 2255 806 2314 decet
831 2273 899 2328 ergo
915 2256 1077 2329 episcopum
1099 2258 1148 2329 qui
1163 2257 1285 2315 omnium
1301 2255 1462 2328 speculator
1477 2271 1527 2327 po·

401 2356 475 2413 situs
490 2359 534 2415 ost
549 2359 665 2427 peccata
678 2357 831 2428 diligenter
846 2358 993 2416 intendere
1008 2363 1038 2416 et
1053 2362 1203 2430 postquam
1214 2359 1383 2428 adtondent,
1400 2373 1528 2416 sermone

402 2456 428 2514 si
454 2458 559 2529 poterit
588 2460 617 2514 et
643 2460 710 2515 actu
735 2457 876 2529 corrigere
896 2462 925 2516 et
944 2458 1040 2516 sinon
1061 2459 1166 2532 poterit
1193 2458 1271 2516 iuxta
1285 2457 1427 2530 euangelii
1441 2473 1527 2529 ragu-

402 2557 461 2615 lam
487 2559 624 2616 scelerum
650 2558 794 2629 operarios
815 2559 974 2618 declinare:
998 2560 1030 2618 si
1051 2558 1164 2629 onim,
1187 2559 1281 2631 inquit
1303 2559 1333 2616 in
1361 2557 1563 2630 euangelio,sc

403 2660 611 2733 peccauerit
640 2660 676 2717 in
705 2663 741 2717 te
775 2660 896 2720 irater
924 2665 1025 2733 tuus,
1060 2663 1203 2734 corripe
1236 2661 1340 2719 illum
1370 2662 1469 2719 inter
1491 2662 1528 2719 te

402 2764 438 2821 et
459 2762 574 2834 ipsum
596 2762 721 2821 solum.
755 2762 788 2820 si
824 2766 858 2821 te
888 2764 1071 2834 audierit,
1108 2764 1281 2822 lucratus
1313 2780 1349 2820 es
1378 2763 1529 2820 fratrem

402 2867 519 2922 tuum:
543 2864 574 2922 si
595 2867 629 2921 te
654 2882 722 2924 non
743 2865 926 2935 audierit,
960 2865 1093 2923 adhibe
1126 2868 1245 2925 tecum
1273 2865 1389 2923 adbuc
1423 2881 1529 2922 unum

470 3130 488 3180 9
505 3129 549 3182 Ea.
568 3131 593 3193 3,
612 3130 722 3182 17-19.
825 3131 861 3184 20
877 3130 977 3182 Marcu
999 3132 1038 3192 18,
1059 3132 1100 3184 15.

471 3384 489 3436 2
505 3384 605 3452 gradus
624 3383 760 3437 abusionis
777 3401 795 3438 o
862 3384 880 3436 3
898 3383 1025 3437 honorem
1043 3383 1069 3435 G
1086 3383 1134 3436 sed
1151 3399 1194 3435 cm
1211 3384 1243 3436 ia
1260 3398 1324 3445 res,
1343 3382 1453 3437 honoris
1474 3383 1502 3435 V

402 3469 571 3538 4legationc
589 3468 662 3523 XVv
775 3469 882 3536 5qnod
901 3469 931 3523 X
1045 3470 1137 3522 teneat
1157 3469 1197 3522 Vc
1300 3470 1453 3536 requiratur
1474 3469 1500 3523 V

404 3556 421 3609 6
440 3571 499 3608 cum
518 3556 656 3624 episcopus
673 3571 768 3609 nomen
788 3571 941 3623 graecume
1010 3556 1027 3608 8
1046 3554 1174 3624 denudat]
1192 3554 1345 3608 denotatX
1413 3540 1456 3620 ep’i
1474 3553 1501 3605 V

404 3640 421 3692 9
440 3641 481 3693 sui
500 3656 548 3693 orn.
575 3639 598 3692 V
738 3638 890 3707 denuntiat]
908 3639 1026 3692 denudat
1048 3639 1102 3692 GV
1248 3639 1281 3692 10
1297 3639 1436 3692 nuntiabis
1459 3639 1499 3691 Vc

407 3724 606 3779 iutuemur
713 3725 747 3778 14
763 3725 863 3792 autam]
882 3740 984 3777 auae·
1005 3725 1031 3778 θ
1134 3727 1167 3778 15
1185 3727 1216 3778 tu
1233 3741 1283 3777 om.
1301 3725 1331 3778 Χ
1436 3724 1469 3776 16
1487 3723 1533 3776 sed

405 3811 446 3879 tu]
464 3814 495 3864 tu
513 3814 601 3864 autem
621 3812 652 3864 X
763 3811 795 3865 17
815 3811 862 3878 qui
885 3810 910 3864 G
929 3826 950 3865 a.
969 3811 986 3864 l.
1005 3828 1040 3863 m.
1058 3815 1085 3872 2,
1103 3810 1127 3863 si
1149 3811 1175 3864 V
1287 3813 1329 3863 est
1345 3809 1452 3877 positus
1469 3808 1501 3861 X

406 3896 440 3950 18
457 3900 621 3965 peccatorem
643 3896 670 3951 V
770 3896 907 3949 attendere
925 3913 942 3951 o
1045 3897 1082 3964 et]
1101 3896 1210 3949 audiens
1228 3910 1289 3962 ergo
1307 3895 1373 3947 add.
1390 3894 1451 3956 GV,
1470 3910 1531 3960 exp.

410 3981 486 4035 Gm.
504 3985 525 4034 2
615 3997 736 4035 sermone
754 3982 777 4034 si
794 3982 897 4050 poterit
915 3997 964 4035 orn.
983 3982 1015 4034 X
1111 3982 1144 4033 19
1161 3981 1316 4049 potuerite
1412 3982 1441 4031 et
1458 3977 1534 4046 actu]

407 4067 490 4120 etiam
508 4066 539 4120 X
623 4069 650 4121 et
666 4067 699 4137 ai]
718 4067 776 4122 sic
862 4066 982 4135 potnerit
1001 4065 1046 4119 Xe
1131 4066 1166 4118 20
1183 4065 1322 4134 euangelio
1341 4063 1500 4119 dominusv

405 4153 439 4206 21
458 4153 486 4206 in
505 4155 533 4204 te
551 4167 601 4207 oca
624 4151 691 4206 ΟΨ
784 4152 873 4221 illum]
892 4168 952 4205 eum
971 4151 1044 4206 XVv
1137 4152 1173 4204 22
1189 4152 1223 4220 si]
1241 4152 1265 4203 si
1282 4165 1345 4220 ergo
1368 4151 1395 4202 V
1494 4149 1534 4219 es]

407 4240 459 4292 eris
480 4238 521 4294 Vs
622 4238 862 4308 basileensem
884 4238 954 4293 (ΡΧ
1056 4253 1110 4291 non
1128 4239 1156 4290 te
1174 4238 1204 4292 X
