3720 4920
381 334 439 396 112
850 329 1026 399 appendix

377 489 406 546 ln
421 493 511 547 totum
530 506 608 562 spem
624 490 680 548 libi
695 489 851 562 denegarit
865 489 1018 549 Dominus:
1042 490 1122 548 dedit
1136 488 1212 547 enim
1227 488 1340 548 neniam
1355 489 1508 561 paeniten-

378 591 442 661 liee,
470 591 495 648 si
522 609 577 664 que
603 593 685 651 modo
712 591 806 664 possis
832 593 982 665 poeniteri.
1006 591 1070 666 quis
1085 595 1143 651 lam
1159 592 1260 662 benus,
1276 591 1341 665 quis
1356 595 1416 649 enm
1432 592 1508 664 pins.

378 698 436 751 lam
453 693 636 752 misericors?
659 684 773 767 'aecipe’
802 694 897 767 inquit
917 690 1059 765 ‘salntem
1083 695 1151 753 lieet
1176 712 1220 753 me
1246 693 1400 752 occideris:
1424 697 1508 753 heres

375 799 436 854 esto
451 813 514 853 eum
531 797 642 869 uirgine
658 796 729 854 lieet
744 814 801 854 nen
816 797 961 855 merearis.
984 796 1109 870 igneam,
1125 796 1151 854 ai
1166 785 1314 868 paenitos'.
1339 812 1407 868 argo
1423 795 1447 853 si
1465 795 1508 854 fos

375 902 430 968 est,
447 898 540 971 eapite
555 901 680 958 mentem
696 900 810 970 bonam,
827 900 873 958 uel
888 915 952 958 sero
968 899 1014 957 nel
1030 901 1112 957 tarde
1127 898 1288 972 inlellegile
1303 901 1529 958 testamenlrrma

292 1066 295 1072 .
374 1016 489 1058 nouum.
513 1016 567 1072 age
596 1018 657 1072 uos,
674 1004 786 1075 genten,
814 1001 956 1061 absoluite
984 1001 1045 1059 illis
1060 1001 1218 1073 scripturas
1232 1018 1308 1072 suas,
1336 1000 1389 1059 sed
1404 1000 1508 1058 dieite:

371 1091 500 1161 ‘adorate
517 1103 668 1162 Dominum
685 1103 954 1176 promerioissnis:
978 1104 1071 1177 qued
1093 1119 1216 1161 manns
1239 1101 1271 1162 ei
1294 1102 1509 1161 extenderis

376 1202 467 1262 lieet
499 1221 708 1278 exaggeres
745 1204 951 1264 orationem
987 1208 1094 1276 inam,
1121 1221 1189 1262 non
1226 1204 1346 1262 audit:
1384 1221 1508 1262 manns

375 1305 468 1362 eninr
505 1308 590 1364 leae
627 1306 760 1378 plenae
797 1308 882 1365 sunt
918 1305 1107 1379 sanguino.
1151 1305 1347 1375 lanemini,
1386 1305 1507 1364 mundi

374 1411 506 1479 estole,
541 1410 577 1465 et
610 1408 735 1466 uenite
767 1407 1036 1480 conloquamur,
1071 1406 1165 1465 dicio
1192 1405 1366 1465 Dominus
1394 1405 1544 1465 Denszre

375 1507 477 1566 elrral
511 1509 726 1582 sanguinem
750 1527 790 1567 ex
819 1509 923 1568 uobis
946 1511 981 1567 eb
1003 1508 1213 1568 emundabit
1246 1509 1357 1567 eorda
1379 1513 1507 1566 nestra

374 1625 486 1680 super
508 1609 625 1669 niuem
647 1615 684 1669 et
707 1611 846 1669 animas
867 1613 1016 1670 uestras
1039 1627 1148 1684 super
1170 1601 1318 1669 laetem'.

345 1709 364 1765 9
418 1712 553 1770 Accedile
576 1712 648 1783 bne,
677 1713 831 1786 seripturis
854 1713 978 1783 credite,
1013 1712 1061 1770 bie
1082 1715 1126 1771 est
1147 1712 1235 1771 salus.
1270 1713 1311 1769 de
1334 1712 1419 1769 Sion
1442 1711 1508 1769 Dei

374 1810 434 1871 lex
467 1813 567 1873 exiet
599 1819 635 1873 ot
661 1819 808 1875 uerbum
837 1816 877 1874 de
905 1815 1152 1886 Hierusalem,
1194 1818 1229 1873 el
1256 1814 1443 1873 iudicabit
1471 1814 1507 1871 in

374 1915 488 1972 modio
511 1916 677 1988 gentium
701 1920 737 1976 et
759 1917 941 1990 corripiel
962 1918 1100 1990 plebem
1123 1916 1287 1975 multom:
1312 1917 1543 1978 concidente

373 2016 522 2087 gladios
555 2035 642 2077 suos
676 2018 712 2076 in
747 2024 875 2077 aratra
907 2023 940 2078 ol
967 2020 1126 2078 frameas
1163 2036 1247 2077 suae
1275 2019 1310 2076 in
1346 2019 1508 2078 laleibns

373 2123 609 2178 commutant:
648 2138 717 2180 non
754 2125 870 2180 sumet
900 2139 989 2194 gens
1024 2139 1131 2194 snpra
1158 2124 1304 2194 gentem
1333 2120 1508 2193 gladium.

373 2220 548 2279 desinent
569 2220 811 2295 belligerare,
834 2227 870 2282 et
891 2227 928 2281 tu
952 2223 1200 2282 domnolaeob
1224 2222 1361 2291 neniis,
1385 2240 1508 2280 earnes

374 2321 408 2377 in
437 2319 573 2381 lumine
602 2323 759 2383 Domini:
790 2324 938 2383 remisit
974 2326 1068 2383 enim
1101 2324 1241 2397 plebem
1270 2341 1387 2382 suam:
1425 2341 1506 2383 eon-

373 2422 476 2492 plela
497 2425 553 2480 est
574 2423 678 2496 regio
701 2427 764 2483 tua
786 2425 999 2498 praesagiis
1019 2425 1165 2495 alienis,
1189 2427 1224 2483 el
1245 2424 1324 2482 filii
1347 2425 1543 2488 alienalire

372 2526 467 2582 sunl.
519 2527 570 2583 tna
599 2525 673 2583 enim
705 2526 768 2599 ipsa
808 2530 886 2586 terra
921 2530 983 2597 est,
1024 2530 1053 2586 el
1089 2525 1177 2587 exteri
1213 2526 1283 2585 laeti
1319 2529 1388 2585 sunl
1417 2543 1508 2600 genus

441 2688 674 2757 emnam
781 2690 1012 2759 omnmo

440 2841 454 2894 1
474 2841 502 2893 irr
521 2857 572 2895 em.
592 2840 632 2912 ρο
760 2842 916 2896 orbitatem
936 2859 1009 2912 spem
1028 2861 1045 2897 o
1174 2843 1305 2910 deminus]
1324 2859 1403 2911 quem
1422 2844 1506 2896 inter·-

372 2925 474 2978 leeistis
492 2913 542 2979 dne
563 2928 589 2981 Τ
699 2927 940 2995 paenitentiamT
1050 2928 1255 2996 2poeniteree
1364 2929 1507 2979 tarn-tam-

370 3010 439 3078 tam]
457 3014 756 3064 tamen-tamen·tamen
774 3012 877 3082 MQ¹T
1013 3013 1031 3065 3
1049 3012 1162 3079 accipiet
1183 3012 1208 3065 Τ
1339 3010 1428 3064 haeris
1450 3013 1474 3065 Τ

370 3094 387 3146 4
404 3095 522 3164 uirgine]
541 3096 627 3149 libera
644 3112 661 3150 e
804 3096 924 3166 ignosce]
945 3098 1023 3166 signo
1041 3083 1085 3151 seo
1105 3096 1130 3148 Τ
1272 3097 1299 3149 te
1317 3098 1472 3163 poenitebo

370 3179 584 3248 osieeapioee
706 3181 897 3250 Gage]eiao
1018 3181 1182 3248 sedlcoBo
1304 3181 1506 3250 'lederna-Q

370 3263 489 3332 (adorate
506 3265 556 3334 M)
647 3266 704 3320 tuis
723 3267 805 3338 Bor
896 3266 975 3335 qnod]
994 3283 1111 3335 qnnme
1202 3267 1227 3319 ei
1244 3267 1351 3336 scripsi.
1370 3267 1427 3319 eins
1447 3266 1505 3337 QT,

369 3366 419 3404 om,
437 3351 480 3404 Bo
606 3353 750 3406 Sexaudit
768 3352 837 3423 BQe
963 3353 1154 3421 9sangninem
1173 3353 1231 3405 ΒΤ
1361 3353 1504 3419 larraminil

369 3434 495 3489 libamini
517 3439 543 3491 Y
652 3439 683 3490 11
703 3438 772 3492 eluit
789 3456 815 3501 o,
833 3439 918 3491 elanit
936 3439 965 3491 Β
1071 3437 1228 3491 emundanii
1246 3438 1281 3502 B,
1300 3438 1455 3491 emendarit
1474 3438 1505 3490 ’1.

369 3521 540 3576 aumendebit
561 3523 635 3592 Q¹n1
740 3525 1125 3594 armanalanam
1142 3525 1237 3594 errae
1335 3528 1364 3576 et
1382 3541 1469 3578 orm

369 3607 412 3661 lae
429 3624 454 3670 e,
473 3609 556 3662 loebe·
575 3610 599 3680 Q
617 3610 726 3678 (laetam
744 3610 791 3676 M)
931 3610 965 3663 13
982 3611 1032 3662 hoe
1050 3610 1180 3679 BMQ¹T
1310 3611 1351 3662 est
1369 3625 1419 3662 em.
1446 3611 1471 3662 Τ

368 3691 412 3745 dei
428 3693 470 3746 lex
489 3694 559 3747 exiet
576 3698 604 3747 et
621 3712 647 3747 ιι.
665 3696 773 3763 scriper',
790 3694 833 3749 (lei
852 3695 922 3749 exiet
940 3695 1050 3748 uerbum
1070 3694 1128 3765 QT,
1146 3694 1216 3748 exiet
1232 3694 1274 3747 lor
1292 3699 1321 3748 et
1334 3695 1445 3748 uerbum
1459 3694 1502 3748 dei

366 3777 403 3839 Β,
421 3780 492 3831 exiet
509 3779 620 3832 uerbum
638 3783 665 3833 el
683 3782 759 3835 lero
835 3782 868 3834 14
885 3783 914 3833 et
931 3796 1017 3834 errae
1091 3780 1248 3833 indicabunt
1268 3780 1321 3850 ΟΥ
1395 3782 1428 3833 11)
1446 3797 1502 3833 cer-

365 3863 458 3932 ripiet]
477 3864 579 3932 corpori
597 3868 626 3918 et
644 3866 679 3928 B,
698 3866 802 3934 corpori
823 3866 849 3917 Τ
1025 3865 1167 3918 considant
1185 3882 1209 3927 e,
1228 3864 1368 3918 eoneidens
1387 3864 1470 3934 BQT

367 3948 402 4000 16
419 3948 501 4001 falces
520 3950 547 4002 B
665 3951 697 4003 17
716 3954 866 4005 commutet
885 3952 919 4014 Β,
938 3954 1136 4003 eommutente
1251 3952 1353 4005 ammei
1374 3949 1405 4019 Q,
1423 3965 1500 4002 snum

366 4035 395 4085 et
414 4033 440 4086 Τ
517 4035 606 4104 supra]
625 4039 754 4089 eontrae
838 4038 871 4089 18
883 4037 1000 4090 desinam
1023 4038 1052 4098 T,
1072 4036 1194 4089 desinens
1212 4036 1318 4089 enimv
1398 4036 1434 4089 20
1451 4036 1502 4089 ali·

366 4135 445 4173 onum
466 4121 641 4190 Qrarienis
660 4124 894 4191 reputaremur
915 4124 942 4176 Β
1022 4123 1094 4176 liliae
1112 4121 1286 4192 alienalaeQ
1372 4125 1406 4177 21
1426 4126 1501 4176 tuom

369 4208 401 4270 Τ,
419 4212 450 4261 tn
469 4209 496 4261 Β
601 4213 719 4264 exterum
738 4210 841 4264 laetum
861 4214 936 4263 esto
