3720 4920
749 347 916 406 Carmina.

451 510 641 585 Hospitioque
655 511 748 586 nouat,
763 509 848 584 longe
864 508 1010 570 stabulare
1024 514 1174 585 parantes:

454 614 561 674 Enisus
576 613 671 687 longis
685 612 829 688 precibus,
845 612 895 688 pia
909 612 1029 688 pignera
1043 630 1159 674 mensae

453 715 641 790 officiumque
655 717 776 790 probum
786 715 881 776 studio
896 715 1047 790 dispungit
1060 715 1161 777 amieo.

389 820 432 879 40
453 819 517 878 Nox
528 818 656 893 requiem
670 818 797 891 dederat,
812 817 862 877 lux
877 817 1005 877 soluerat
1018 818 1112 879 ultera
1124 821 1248 891 nortem,

454 921 494 980 ut
509 921 629 982 &doma
642 920 673 979 in
688 919 799 981 foribus
814 919 951 995 strepitat
965 937 1029 981 oum
1043 920 1108 995 lege
1123 920 1263 995 pudenda.

454 1024 528 1084 Loth
544 1028 644 1083 oenus
658 1024 794 1098 supplex:
810 1041 846 1083 ne
860 1039 912 1083 uos
926 1022 1002 1083 mule
1016 1026 1101 1097 pasta
1114 1023 1204 1084 iibido

456 1126 598 1186 Iuoendat
612 1127 729 1186 iuuenes
744 1126 830 1185 istam
846 1126 961 1185 foedare
974 1124 1137 1186 iuuentem:

456 1227 538 1286 Luxu
553 1245 609 1301 quo
623 1227 756 1302 genitura
770 1230 876 1287 uasat?
894 1244 950 1301 quo
964 1227 1076 1286 semina
1090 1227 1218 1286 frustrat

391 1329 432 1390 45
455 1330 517 1400 Quo
531 1329 628 1389 nullae
642 1332 766 1404 nuptant
780 1329 901 1402 animae,
924 1346 982 1390 non
997 1329 1091 1389 lustra
1104 1329 1240 1403 uolentes,

454 1430 518 1489 Non
533 1429 658 1489 stabulis
673 1429 802 1505 reduees,
824 1447 881 1490 non
896 1429 982 1489 undis
996 1430 1096 1489 subter
1111 1431 1236 1502 mantes,

454 1532 483 1590 N
484 1549 516 1592 ee
530 1548 603 1606 quae
617 1548 774 1606 pennarum
788 1530 911 1591 modulis
933 1547 1022 1606 prope
1037 1531 1137 1591 nubila
1151 1532 1283 1606 pendent,

455 1634 516 1693 Neo
530 1650 603 1708 quae
617 1649 669 1707 per
682 1638 775 1693 terrae
790 1634 934 1707 protracto
948 1648 1065 1705 eorpore
1080 1635 1207 1692 manant.

457 1735 546 1794 Omne
560 1750 651 1808 genus
666 1734 735 1793 nixu
749 1733 859 1808 genuit,
874 1737 919 1793 est
933 1733 1040 1792 femina
1054 1733 1176 1793 ooniunx

391 1831 435 1896 50
456 1836 605 1908 Omnibus,
620 1840 650 1895 et
664 1852 818 1910 numquam
834 1835 966 1909 euiquam
981 1834 1038 1893 nisi
1053 1834 1160 1894 iemina
1173 1839 1273 1895 mater.

456 1937 543 1996 Nune
556 1937 582 1997 si
597 1937 646 1997 fax
662 1937 803 1996 iuuenalis
818 1940 885 1996 anet
899 1939 1016 1996 uastare
1030 1936 1175 2010 pudorem,

457 2040 531 2098 Sunt
545 2039 624 2098 intus
639 2041 723 2098 natae
739 2039 851 2112 biiuges
866 2039 948 2110 mibi,
963 2037 1070 2098 nubilis
1085 2041 1177 2110 astae,

457 2141 619 2214 Virginitas
634 2141 664 2199 in
679 2140 748 2200 flore
763 2143 886 2214 tumens,
902 2141 958 2200 iam
974 2140 1072 2199 debite
1085 2141 1182 2212 messi,

459 2244 554 2318 Digna
569 2242 670 2317 cupido
686 2243 765 2314 uiris,
781 2243 882 2302 tulerit
896 2260 953 2317 qna
967 2245 1066 2302 uestra
1080 2242 1227 2301 uoluntas:

394 2345 435 2405 55
458 2346 537 2405 Dedo
552 2350 633 2418 pater
648 2362 756 2420 proque
770 2346 934 2419 hospitibus
949 2348 1075 2420 pensabo
1086 2346 1220 2405 dolorem.

501 2447 613 2520 Vulgus
627 2448 746 2506 adhaec
760 2447 892 2506 demens:
910 2448 1039 2521 quisnam
1055 2449 1096 2521 tu,
1111 2450 1244 2522 quantus,
1259 2448 1288 2506 et
1302 2448 1375 2506 unde

462 2549 517 2618 Qui
532 2549 637 2609 nostris
653 2550 798 2609 dominere
816 2550 919 2611 animis
933 2550 1070 2624 legesque
1084 2549 1240 2610 recondas?

337 2845 370 2898 37
389 2845 480 2914 longe]
499 2844 581 2913 uulgo
598 2846 625 2897 A
792 2844 900 2898 stabula
917 2848 1069 2914 separantes
1086 2847 1121 2910 A,
1140 2850 1173 2898 st.
1192 2849 1314 2914 parentes
1333 2846 1360 2901 R

269 2931 304 2984 38
321 2932 349 2983 et
366 2930 441 2983 nisus
458 2931 529 2984 coni.
548 2930 653 2983 Meiller
766 2932 880 2999 pignora
897 2946 990 2984 mensa
1007 2931 1083 2986 HRe
1193 2931 1228 2984 39
1244 2929 1392 3000 officiisque

268 3015 359 3083 probis
376 3015 451 3070 HRv
580 3015 669 3068 studio
688 3016 715 3069 A
732 3016 780 3070 aed
797 3017 824 3069 io
842 3032 864 3070 e.
883 3016 900 3069 l.
918 3032 954 3070 m.
972 3019 992 3068 2
1121 3016 1273 3084 dispungit
1291 3016 1330 3078 H,
1348 3017 1393 3070 de-

269 3097 382 3168 spondet
408 3099 454 3152 uel
479 3098 605 3166 dependit
630 3099 699 3151 coni.
731 3099 852 3160 Malim
880 3098 929 3153 sed
953 3099 989 3160 cs.
1011 3100 1132 3153 Gronou.
1167 3099 1226 3153 Obs.
1249 3116 1280 3167 p.
1306 3103 1360 3154 673

269 3183 368 3237 amieos
386 3183 462 3239 HRo
575 3184 609 3236 41
628 3182 737 3236 eoduma
754 3185 789 3238 Η
898 3199 958 3236 eum
977 3183 1037 3251 lege
1054 3182 1177 3252 pudenda
1192 3184 1231 3248 Η,
1258 3199 1317 3237 eum
1333 3184 1394 3253 lege

269 3292 413 3347 rudendam
436 3295 473 3356 R,
499 3252 751 3361 eum⁹leb⁰pudends
773 3296 809 3355 A,
831 3297 976 3361 conquesta
998 3295 1145 3348 rudendum
1167 3295 1312 3358 Moralium,
1335 3311 1395 3349 eou-

269 3380 362 3446 questa
379 3378 531 3446 pudendum
554 3378 637 3433 Grues
706 3379 741 3432 42
758 3380 828 3432 male
846 3381 926 3446 pacta
943 3380 978 3442 A,
995 3395 1065 3433 nune
1083 3380 1210 3448 pastali,
1228 3395 1297 3433 nunc
1313 3383 1393 3448 pacta

269 3464 321 3531 Ro,
339 3482 409 3519 nuno
425 3472 510 3535 prada
531 3465 617 3520 Grues.
698 3467 733 3520 43
750 3465 873 3520 intendat
891 3466 918 3520 A
999 3467 1086 3535 ipsum
1103 3469 1130 3520 A
1210 3466 1325 3521 441uxu
1343 3482 1395 3534 quo

269 3550 313 3615 H,
336 3565 388 3618 qno
416 3551 479 3604 luxu
504 3551 561 3613 Ra,
589 3550 677 3618 luxoq.
712 3567 784 3605 eorr.
813 3552 846 3603 in
873 3550 933 3604 lnxo
957 3566 1010 3619 quo
1032 3552 1060 3605 A
1083 3552 1157 3617 (luxu
1182 3554 1201 3606 ι’.
1228 3567 1249 3605 e.
1275 3551 1360 3616 luxui)

268 3637 348 3688 useat
364 3637 472 3702 scripsi,
490 3638 569 3688 uocat
580 3635 660 3694 Alie.
679 3639 777 3690 uooant
795 3636 842 3702 11,
860 3637 895 3701 es.
913 3635 1037 3690 Gronou.
1052 3654 1083 3705 p.
1102 3641 1154 3690 674
1221 3637 1321 3689 semine
1332 3639 1360 3689 A

268 3721 304 3774 45
319 3722 446 3791 nuptant]
464 3722 580 3775 rutilant
597 3724 655 3775 Ar
673 3737 742 3776 exn
761 3738 830 3776 eurr.
968 3722 1004 3776 46
1021 3739 1071 3777 osa
1090 3725 1117 3778 A
1247 3723 1281 3776 47
1299 3723 1393 3791 pinna·

269 3822 327 3860 rum
345 3809 386 3860 A¹
536 3808 571 3860 48
587 3809 673 3860 terras
691 3824 716 3876 p.
735 3825 755 3861 o.
775 3810 888 3860 nrunant
905 3808 940 3871 A,
957 3810 1056 3862 terram
1074 3825 1101 3877 p.
1119 3826 1141 3862 e.
1159 3811 1266 3877 reptant
1283 3809 1358 3861 HRo

268 3892 303 3945 49
319 3893 384 3944 nixu
407 3892 503 3960 genuit
525 3894 568 3944 est
591 3893 696 3958 scripsi,
721 3894 785 3946 luxu
808 3907 892 3960 genus
910 3895 953 3946 est
970 3893 1016 3946 sed
1033 3893 1145 3957 AHRo,
1167 3893 1228 3946 lusu
1245 3894 1393 3960 genitumst

268 3976 313 4032 sed
330 3979 401 4033 cons
421 3978 531 4032 Metiier
632 3979 665 4031 51
683 3976 728 4030 fax
745 3981 781 4043 A,
799 3980 841 4031 ias
859 3977 935 4034 HRo
1033 3977 1160 4032 iuuenilis
1177 3979 1234 4031 A²o
1330 3979 1394 4030 suet

268 4065 316 4128 A',
333 4063 417 4117 babet
433 4063 551 4118 A²HRo
655 4061 782 4130 podorem
800 4063 859 4118 HR
964 4063 1000 4116 53
1017 4064 1104 4116 tumet
1120 4062 1195 4116 HRv
1303 4060 1394 4114 dedita

268 4148 344 4205 nne
447 4149 481 4204 54
499 4165 580 4217 quam
599 4165 624 4203 u.
643 4148 767 4216 uoluptas
784 4149 860 4204 HRe
966 4149 1001 4202 55
1017 4148 1081 4203 eodo
1099 4147 1128 4203 R
1233 4147 1266 4201 57
1285 4145 1332 4213 qui
1349 4162 1394 4200 no

271 4233 310 4288 bis
328 4234 472 4289 domineris
490 4236 532 4289 ait
549 4235 674 4302 legesque
692 4234 768 4289 HRs
870 4233 994 4288 recondes
1012 4234 1056 4288 Ηί

1117 4323 1190 4382 19*
