3720 4920
523 377 570 433 Da
588 378 843 451 singularitate
860 378 1063 435 clericorum
1081 395 1102 434 c
1120 379 1232 436 27-29.
1381 382 1448 451 205

308 539 441 600 Salomon
468 540 603 599 denotat:
644 539 874 600 abominatio
904 542 979 612 est,
1008 539 1121 614 inquit,
1152 556 1271 600 coram
1293 542 1446 601 Domino

306 640 482 716 defigens
504 642 660 702 oculum.
689 641 774 716 plana
789 659 891 716 purum
907 644 1008 702 contra
1023 642 1138 703 oculum
1152 659 1184 701 se
1199 643 1305 702 habere
1320 646 1446 702 testatur

306 744 361 804 Iob
390 743 440 818 qui
470 744 528 803 ait:
570 746 606 803 et
640 743 673 803 ei
702 743 822 805 oculis
859 744 1057 806 consensit
1093 762 1154 805 cor
1182 762 1305 805 meum.
1345 762 1447 806 uerum

308 846 455 905 enimuero
469 845 520 905 ille
536 847 633 919 potest
647 844 711 905 suis
726 846 818 907 oculis
833 847 973 907 obnoxius
988 864 1047 908 nou
1061 846 1170 919 teneri,
1199 846 1247 907 cni
1272 846 1382 908 nolenti
1398 863 1445 906 re·

286 948 445 1023 speutinus
471 964 605 1008 occursus
632 947 762 1008 mulieris
777 949 945 1008 scandalum
959 947 1099 1022 mouerit,
1126 949 1203 1022 quod
1216 947 1351 1024 protinus
1365 966 1446 1008 mens

306 1050 383 1126 quod
397 1048 515 1109 uolebat
530 1048 658 1122 expellit
674 1050 726 1110 ille
740 1052 837 1109 numm
858 1050 1076 1110 commotionem
1091 1050 1137 1109 sni
1151 1049 1234 1109 uisus
1248 1066 1306 1110 non
1321 1051 1446 1110 meretur

307 1153 429 1212 euadere
440 1153 490 1227 qui
502 1152 579 1228 apud
595 1169 625 1211 se
633 1151 760 1212 scandali
776 1154 924 1212 materiam
936 1155 1026 1224 tonat,
1042 1152 1166 1227 quiuult
1179 1152 1348 1212 intentionis
1358 1152 1447 1212 affec·

306 1254 387 1316 tibus
397 1256 466 1329 frui,
482 1254 533 1329 qni
546 1254 663 1313 affectu
677 1255 783 1314 habere
794 1256 871 1328 quod
882 1255 1069 1315 offensionem
1084 1253 1175 1314 oculis
1190 1254 1309 1329 ingerit,
1325 1272 1445 1330 quornm

306 1359 434 1419 auiditas
460 1356 646 1431 inexplebilis
671 1356 748 1416 inter
774 1356 947 1417 offendicula
974 1357 1111 1418 continua
1136 1357 1216 1417 nullo
1239 1356 1322 1417 modo
1349 1359 1446 1432 potest

272 1459 423 1521 roomnino
454 1457 602 1533 conpesci,
634 1460 709 1533 qnod
736 1459 868 1519 Salomon
895 1459 1038 1533 adprobat
1060 1459 1175 1519 dicans:
1206 1459 1380 1519 internus
1409 1463 1447 1518 et

306 1562 497 1622 interitus
527 1578 598 1620 non
628 1561 815 1632 satiatur,
845 1560 1039 1621 similiter
1064 1561 1171 1621 oculi
1194 1561 1446 1621 homiuumin·

306 1664 517 1725 satiabilea
538 1668 632 1725 sunt.
664 1669 694 1723 et
722 1664 780 1724 alio
809 1663 889 1724 loco:
926 1680 998 1723 non
1028 1663 1197 1723 satiatur
1226 1662 1365 1724 oculus
1394 1662 1446 1722 ni·

306 1768 433 1828 dendo.
462 1767 627 1827 etiterum:
657 1766 814 1841 nequius
844 1766 951 1826 oculo
981 1766 1070 1839 quid
1100 1767 1264 1826 creatum
1294 1768 1374 1824 eet?

350 1869 415 1929 Hac
436 1869 629 1943 castigatione
650 1885 708 1929 non
729 1866 883 1942 conpuncti
905 1867 1005 1927 diuina
1027 1868 1182 1927 interdicta
1203 1867 1339 1926 infandae
1363 1868 1499 1930 tami-29

274 1990 299 2031 rs
308 1970 447 2031 liaritatis
472 1971 665 2031 obstinatione
691 1973 878 2030 contemnunt
903 1971 934 2030 et
947 1970 1042 2030 adhue
1057 1970 1175 2044 insuper
1190 1972 1225 2030 de
1240 1970 1362 2030 caritate
1377 1987 1447 2030 cau·

310 2076 428 2146 santur,
454 2091 519 2133 cum
534 2072 690 2133 secundum
716 2072 836 2131 uerbum
850 2071 955 2131 Esaiae
977 2071 1028 2146 qni
1043 2070 1264 2131 amaritudinem
1279 2087 1332 2146 pro
1347 2071 1448 2131 dulce

311 2175 377 2234 (tine
392 2177 565 2235 denotantes
592 2175 699 2234 nudam
726 2174 894 2233 foeditatam
920 2174 1083 2233 uelamento
1109 2173 1178 2233 toni
1192 2172 1317 2234 nominis
1334 2174 1448 2246 tegunt,

310 2277 386 2351 apud
401 2293 451 2337 eos
465 2278 519 2336 sub
533 2276 608 2337 falsa
623 2276 776 2337 dilectione
791 2292 860 2335 nara
874 2275 992 2336 dilectio
1003 2275 1137 2336 uiolatur.
1154 2275 1205 2335 sed
1216 2276 1359 2335 exclamat
1373 2276 1448 2334 cari-

310 2379 357 2438 tas
372 2381 403 2438 et
416 2378 560 2453 appellat:
581 2368 669 2440 ‘tales
683 2393 737 2453 ego
752 2395 809 2438 non
823 2377 919 2450 iunxi,
949 2377 1044 2436 altera
1065 2381 1109 2437 eet
1131 2393 1204 2450 quae
1219 2393 1265 2435 rne
1287 2376 1449 2436 simulando

275 2480 457 2555 ”confingit
489 2498 644 2555 numquam
666 2481 720 2541 Dei
745 2479 906 2556 praeceptis
933 2479 1054 2553 obsisto,
1083 2496 1239 2553 numquam
1253 2479 1339 2538 fluxis
1355 2479 1448 2550 fauce,

310 2597 363 2657 per
377 2597 424 2643 me
439 2584 624 2643 sanctitatem
638 2601 695 2643 non
710 2586 778 2656 opto
794 2582 914 2655 culpari.
938 2581 1097 2641 calumnias
1112 2579 1185 2640 mihi
1200 2581 1321 2641 aduersa
1335 2598 1450 2656 germa-

310 2684 388 2743 nitas
414 2683 501 2756 facit,
530 2683 659 2759 pericula
683 2689 713 2744 at
738 2701 791 2756 ego
817 2685 893 2744 inter
919 2683 1009 2743 falsos
1036 2683 1142 2743 tratres
1164 2682 1282 2743 incurri.
1315 2701 1450 2744 succurre

310 2802 392 2845 mens
407 2801 520 2858 praeco,
536 2802 668 2845 eruccnrre
678 2785 915 2859 Pauleapostole‚
931 2786 977 2844 dic
991 2785 1189 2845 testimouium
1203 2801 1309 2856 meum,
1324 2786 1450 2858 nequod

311 2889 346 2948 de
361 2906 406 2948 me
421 2889 577 2947 adnuntias
591 2891 790 2962 peruertatur:
821 2887 915 2947 finis
945 2891 1066 2947 antem
1096 2887 1291 2960 praecepti
1321 2887 1450 2946 ostea-

275 2989 411 3050 raritas
436 2991 478 3048 de
509 2990 616 3050 corde
645 3007 738 3063 puro
768 2992 802 3048 ot
832 2989 1073 3049 conscientia
1095 2989 1188 3047 bona
1218 2987 1354 3046 attide
1380 3005 1450 3048 non

310 3075 428 3152 ficta'.
459 3092 575 3153 dilectio
591 3092 791 3166 deputabitur,
820 3108 972 3167 perquam
997 3090 1162 3151 sanctitatis
1193 3090 1299 3149 iniuria
1313 3088 1449 3149 crimina·

380 3341 395 3392 1
415 3340 466 3394 sir.
487 3342 528 3404 14,
547 3342 572 3395 8.
781 3341 798 3394 3
817 3340 867 3393 lob
885 3341 928 3404 31,
947 3341 971 3393 7.
1197 3340 1231 3393 10
1248 3340 1326 3394 Prou.
1344 3341 1388 3404 2⁷,
1406 3338 1449 3393 20.

312 3424 345 3478 1⁶2
363 3424 413 3479 sir.
434 3428 459 3487 1,
477 3425 501 3479 8.
659 3427 693 3479 13
710 3427 761 3480 sir.
779 3425 822 3489 31,
841 3426 882 3478 15.
1050 3425 1084 3478 24
1102 3424 1116 3477 Ι
1135 3424 1205 3477 Tim.
1225 3424 1248 3487 1,
1266 3425 1293 3478 ὃ.

380 3661 397 3714 2
416 3665 510 3717 contra
527 3678 624 3731 purum
642 3680 660 3718 o
767 3662 874 3717 oculum
892 3677 921 3715 eo
940 3677 975 3716 ea
994 3662 1086 3715 oculos
1108 3661 1182 3717 Cm.
1201 3663 1221 3714 2
1332 3662 1450 3714 testatur

311 3765 340 3803 se
357 3749 456 3803 habero
473 3766 491 3804 o
612 3751 629 3805 3
646 3750 694 3819 qui
711 3749 757 3803 iob
775 3750 799 3804 0
918 3748 1054 3802 consentit
1076 3748 1111 3804 0¹
1238 3748 1256 3800 5
1273 3746 1361 3801 mouit
1379 3745 1414 3800 0¹

311 3835 327 3889 7
346 3835 393 3903 qui
411 3836 482 3904 uult]
502 3836 567 3902 quia
585 3835 659 3890 uolt·
679 3834 702 3890 0
822 3833 984 3888 intentionis
1001 3849 1101 3887 sunau
1227 3833 1246 3886 8
1263 3832 1348 3887 oculis
1366 3831 1450 3885 offen·

311 3921 413 3973 sionem
431 3936 447 3973 e
540 3920 612 3989 gerit
634 3920 663 3983 0,
681 3921 822 3987 ingercte
913 3919 945 3973 11
965 3920 1102 3972 satiantur
1119 3935 1136 3972 e
1226 3917 1261 3973 13
1278 3919 1308 3972 in
1326 3916 1380 3971 alio
1398 3933 1415 3972 o

296 4053 299 4059 .
313 4005 346 4059 14
362 4005 430 4059 haec
447 4004 482 4060 0¹
609 4019 662 4058 non
681 4002 704 4058 0
720 4018 741 4056 a.
760 4004 778 4058 t.
799 4019 832 4058 m.
851 4006 870 4058 2
997 4002 1129 4058 nefandae
1146 4019 1163 4057 o
1288 4004 1322 4057 16
1340 4017 1401 4057 curn
1419 4002 1449 4067 0,

311 4092 358 4159 qui
377 4108 393 4145 e
509 4092 556 4159 qni
575 4090 635 4144 Ge.
655 4090 681 4153 t,
700 4105 750 4144 om.
768 4105 785 4144 o
902 4091 936 4145 18
953 4088 1026 4159 apud
1048 4089 1077 4154 0,
1096 4088 1161 4144 dum
1178 4087 1251 4159 apud
1268 4107 1285 4146 e
1391 4088 1449 4143 uio·

311 4175 385 4229 latur
402 4192 420 4230 o
501 4175 535 4229 19
553 4175 640 4228 attera
657 4174 686 4238 0,
704 4173 775 4228 salac
792 4175 880 4229 altera
898 4192 914 4230 o
1000 4175 1036 4229 20
1053 4175 1181 4229 confluxit
1198 4192 1216 4230 o
1302 4175 1336 4229 21
1355 4190 1451 4230 aucum

312 4261 456 4317 Pometiae
561 4260 728 4331 germinatas
745 4260 781 4316 0¹
884 4260 918 4315 26
936 4260 1066 4314 iniuriam
1085 4259 1283 4314 criminationis
1301 4259 1336 4316 0¹
