<?xml version="1.0" encoding="UTF-8"?>
<!DOCTYPE html PUBLIC "-//W3C//DTD XHTML 1.0 Transitional//EN"
    "http://www.w3.org/TR/xhtml1/DTD/xhtml1-transitional.dtd">
<html xmlns="http://www.w3.org/1999/xhtml" xml:lang="en" lang="en">
 <head>
  <title>
</title>
<meta http-equiv="Content-Type" content="text/html;charset=utf-8" />
  <meta name='ocr-system' content='tesseract 3.04.00' />
  <meta name='ocr-capabilities' content='ocr_page ocr_carea ocr_par ocr_line ocrx_word'/>
</head>
<body>
  <div class='ocr_page' id='page_1' title='image "./sthascicaecilic00cyprgoog_0197.png"; bbox 0 0 3720 4920; ppageno 0'>
   <div class='ocr_carea' id='block_1_1' title="bbox 402 305 1061 421">
    <p class='ocr_par' dir='ltr' id='par_1_1' title="bbox 402 305 1061 421">
     <span class='ocr_line' id='line_1_1' title="bbox 402 305 1061 421; baseline -0.005 -17"><span class='ocrx_word' id='word_1_1' title='bbox 402 357 445 421; x_wconf 77' lang='grc'><strong>66</strong></span> <span class='ocrx_word' id='word_1_2' title='bbox 697 305 700 311; x_wconf 26' lang='lat'><em>¹</em></span> <span class='ocrx_word' id='word_1_3' title='bbox 877 348 1061 420; x_wconf 75' lang='lat' dir='ltr'><strong>Appendin</strong></span> 
     </span>
    </p>
   </div>
   <div class='ocr_carea' id='block_1_2' title="bbox 348 507 1570 3322">
    <p class='ocr_par' dir='ltr' id='par_1_2' title="bbox 396 507 1570 2308">
     <span class='ocr_line' id='line_1_2' title="bbox 403 507 1538 579; baseline -0.001 -12"><span class='ocrx_word' id='word_1_4' title='bbox 403 511 439 567; x_wconf 90' lang='lat' dir='ltr'><strong>et</strong></span> <span class='ocrx_word' id='word_1_5' title='bbox 467 524 544 567; x_wconf 89' lang='lat' dir='ltr'><strong>oum</strong></span> <span class='ocrx_word' id='word_1_6' title='bbox 582 508 791 579; x_wconf 88' lang='lat' dir='ltr'><strong>inuenerit,</strong></span> <span class='ocrx_word' id='word_1_7' title='bbox 828 511 1009 567; x_wconf 86' lang='lat' dir='ltr'><strong>oonuooat</strong></span> <span class='ocrx_word' id='word_1_8' title='bbox 1043 507 1182 568; x_wconf 81' lang='lat' dir='ltr'><strong>amicas</strong></span> <span class='ocrx_word' id='word_1_9' title='bbox 1210 510 1247 568; x_wconf 89' lang='lat' dir='ltr'><strong>et</strong></span> <span class='ocrx_word' id='word_1_10' title='bbox 1275 507 1423 567; x_wconf 80' lang='lat' dir='ltr'><strong>uicinas</strong></span> <span class='ocrx_word' id='word_1_11' title='bbox 1451 523 1538 566; x_wconf 90' lang='lat' dir='ltr'><strong>suas</strong></span> 
     </span>
     <span class='ocr_line' id='line_1_3' title="bbox 401 609 1537 685; baseline 0 -17"><span class='ocrx_word' id='word_1_12' title='bbox 401 609 545 670; x_wconf 86' lang='lat' dir='ltr'><strong>dioens:</strong></span> <span class='ocrx_word' id='word_1_13' title='bbox 575 610 823 685; x_wconf 74' lang='lat' dir='ltr'><strong>gratulamini</strong></span> <span class='ocrx_word' id='word_1_14' title='bbox 853 610 958 682; x_wconf 86' lang='lat' dir='ltr'><strong>mibi,</strong></span> <span class='ocrx_word' id='word_1_15' title='bbox 988 612 1160 684; x_wconf 90' lang='lat' dir='ltr'><strong>quoniam</strong></span> <span class='ocrx_word' id='word_1_16' title='bbox 1190 610 1318 670; x_wconf 88' lang='lat' dir='ltr'><strong>inueni</strong></span> <span class='ocrx_word' id='word_1_17' title='bbox 1348 609 1537 669; x_wconf 88' lang='lat' dir='ltr'><strong>denarium</strong></span> 
     </span>
     <span class='ocr_line' id='line_1_4' title="bbox 401 711 1538 786; baseline -0.001 -15"><span class='ocrx_word' id='word_1_18' title='bbox 401 729 503 785; x_wconf 89' lang='lat' dir='ltr'><strong>quem</strong></span> <span class='ocrx_word' id='word_1_19' title='bbox 528 713 770 785; x_wconf 72' lang='lat' dir='ltr'><strong>perdideram.</strong></span> <span class='ocrx_word' id='word_1_20' title='bbox 801 711 881 771; x_wconf 92' lang='lat' dir='ltr'><strong>dioo</strong></span> <span class='ocrx_word' id='word_1_21' title='bbox 906 712 1014 771; x_wconf 89' lang='lat' dir='ltr'><strong>uobis</strong></span> <span class='ocrx_word' id='word_1_22' title='bbox 1040 714 1127 786; x_wconf 93' lang='lat' dir='ltr'><strong>quia</strong></span> <span class='ocrx_word' id='word_1_23' title='bbox 1162 714 1238 773; x_wconf 93' lang='lat' dir='ltr'><strong>tale</strong></span> <span class='ocrx_word' id='word_1_24' title='bbox 1264 712 1437 786; x_wconf 78' lang='lat' dir='ltr'><strong>gaudium</strong></span> <span class='ocrx_word' id='word_1_25' title='bbox 1463 711 1538 771; x_wconf 89' lang='lat' dir='ltr'><strong>erit</strong></span> 
     </span>
     <span class='ocr_line' id='line_1_5' title="bbox 400 813 1536 889; baseline -0.002 -16"><span class='ocrx_word' id='word_1_26' title='bbox 400 814 437 873; x_wconf 89' lang='lat' dir='ltr'><strong>in</strong></span> <span class='ocrx_word' id='word_1_27' title='bbox 458 818 660 888; x_wconf 87' lang='lat' dir='ltr'><strong>oonspeotn</strong></span> <span class='ocrx_word' id='word_1_28' title='bbox 681 814 895 889; x_wconf 79' lang='lat' dir='ltr'><strong>angelorum</strong></span> <span class='ocrx_word' id='word_1_29' title='bbox 911 814 1102 888; x_wconf 84' lang='lat' dir='ltr'><strong>Deisuper</strong></span> <span class='ocrx_word' id='word_1_30' title='bbox 1117 831 1186 874; x_wconf 92' lang='lat' dir='ltr'><strong>nno</strong></span> <span class='ocrx_word' id='word_1_31' title='bbox 1201 813 1536 889; x_wconf 83' lang='lat' dir='ltr'><strong>peooatorepaeni·</strong></span> 
     </span>
     <span class='ocr_line' id='line_1_6' title="bbox 399 916 1558 990; baseline -0.002 -14"><span class='ocrx_word' id='word_1_32' title='bbox 399 917 555 976; x_wconf 89' lang='lat' dir='ltr'><strong>tentiam</strong></span> <span class='ocrx_word' id='word_1_33' title='bbox 581 919 723 990; x_wconf 76' lang='lat' dir='ltr'><strong>agente.</strong></span> <span class='ocrx_word' id='word_1_34' title='bbox 754 933 770 975; x_wconf 92' lang='lat' dir='ltr'><strong>e</strong></span> <span class='ocrx_word' id='word_1_35' title='bbox 792 916 933 975; x_wconf 77' lang='lat' dir='ltr'><strong>contrario</strong></span> <span class='ocrx_word' id='word_1_36' title='bbox 954 920 1051 975; x_wconf 93' lang='lat' dir='ltr'><strong>autem</strong></span> <span class='ocrx_word' id='word_1_37' title='bbox 1072 932 1129 975; x_wconf 91' lang='lat' dir='ltr'><strong>non</strong></span> <span class='ocrx_word' id='word_1_38' title='bbox 1150 921 1269 990; x_wconf 79' lang='lat' dir='ltr'><strong>agentes</strong></span> <span class='ocrx_word' id='word_1_39' title='bbox 1291 917 1448 976; x_wconf 77' lang='lat' dir='ltr'><strong>facinorum</strong></span> <span class='ocrx_word' id='word_1_40' title='bbox 1469 930 1558 974; x_wconf 85' lang='lat' dir='ltr'><strong>eno-o</strong></span> 
     </span>
     <span class='ocr_line' id='line_1_7' title="bbox 399 1019 1536 1092; baseline 0 -14"><span class='ocrx_word' id='word_1_41' title='bbox 399 1037 464 1078; x_wconf 92' lang='lat' dir='ltr'><strong>rum</strong></span> <span class='ocrx_word' id='word_1_42' title='bbox 483 1020 689 1092; x_wconf 86' lang='lat' dir='ltr'><strong>paenitentiam</strong></span> <span class='ocrx_word' id='word_1_43' title='bbox 710 1035 782 1091; x_wconf 89' lang='lat' dir='ltr'><strong>qnae</strong></span> <span class='ocrx_word' id='word_1_44' title='bbox 804 1034 851 1077; x_wconf 90' lang='lat' dir='ltr'><strong>eos</strong></span> <span class='ocrx_word' id='word_1_45' title='bbox 872 1023 1005 1076; x_wconf 86' lang='lat' dir='ltr'><strong>maneant</strong></span> <span class='ocrx_word' id='word_1_46' title='bbox 1026 1035 1061 1078; x_wconf 87' lang='lat' dir='ltr'><strong>ex</strong></span> <span class='ocrx_word' id='word_1_47' title='bbox 1084 1020 1177 1090; x_wconf 84' lang='lat' dir='ltr'><strong>ipsine</strong></span> <span class='ocrx_word' id='word_1_48' title='bbox 1201 1019 1316 1078; x_wconf 89' lang='lat' dir='ltr'><strong>Domini</strong></span> <span class='ocrx_word' id='word_1_49' title='bbox 1336 1034 1473 1092; x_wconf 84' lang='lat' dir='ltr'><strong>responso</strong></span> <span class='ocrx_word' id='word_1_50' title='bbox 1487 1033 1536 1078; x_wconf 89' lang='lat' dir='ltr'><strong>oo-</strong></span> 
     </span>
     <span class='ocr_line' id='line_1_8' title="bbox 400 1118 1536 1195; baseline 0.001 -16"><span class='ocrx_word' id='word_1_51' title='bbox 400 1123 549 1192; x_wconf 76' lang='lat' dir='ltr'><strong>gnoseant.</strong></span> <span class='ocrx_word' id='word_1_52' title='bbox 581 1120 705 1195; x_wconf 74' lang='lat' dir='ltr'><strong>legimus</strong></span> <span class='ocrx_word' id='word_1_53' title='bbox 720 1120 796 1178; x_wconf 90' lang='lat' dir='ltr'><strong>enim</strong></span> <span class='ocrx_word' id='word_1_54' title='bbox 811 1120 841 1178; x_wconf 93' lang='lat' dir='ltr'><strong>in</strong></span> <span class='ocrx_word' id='word_1_55' title='bbox 856 1120 1004 1194; x_wconf 80' lang='lat' dir='ltr'><strong>euangelio</strong></span> <span class='ocrx_word' id='word_1_56' title='bbox 1027 1121 1102 1193; x_wconf 93' lang='lat' dir='ltr'><strong>quod</strong></span> <span class='ocrx_word' id='word_1_57' title='bbox 1123 1121 1269 1195; x_wconf 90' lang='lat' dir='ltr'><strong>quidam</strong></span> <span class='ocrx_word' id='word_1_58' title='bbox 1290 1120 1474 1180; x_wconf 89' lang='lat' dir='ltr'><strong>uenerunt</strong></span> <span class='ocrx_word' id='word_1_59' title='bbox 1494 1118 1536 1180; x_wconf 90' lang='lat' dir='ltr'><strong>de</strong></span> 
     </span>
     <span class='ocr_line' id='line_1_9' title="bbox 400 1219 1536 1294; baseline 0.002 -17"><span class='ocrx_word' id='word_1_60' title='bbox 400 1219 581 1279; x_wconf 81' lang='lat' dir='ltr'><strong>Galilaeie</strong></span> <span class='ocrx_word' id='word_1_61' title='bbox 616 1221 660 1279; x_wconf 94' lang='lat' dir='ltr'><strong>ad</strong></span> <span class='ocrx_word' id='word_1_62' title='bbox 689 1219 898 1291; x_wconf 90' lang='lat' dir='ltr'><strong>Dominum,</strong></span> <span class='ocrx_word' id='word_1_63' title='bbox 935 1221 1203 1280; x_wconf 79' lang='lat' dir='ltr'><strong>adnuntiantes</strong></span> <span class='ocrx_word' id='word_1_64' title='bbox 1230 1221 1263 1280; x_wconf 90' lang='lat' dir='ltr'><strong>ei</strong></span> <span class='ocrx_word' id='word_1_65' title='bbox 1299 1222 1339 1279; x_wconf 94' lang='lat' dir='ltr'><strong>de</strong></span> <span class='ocrx_word' id='word_1_66' title='bbox 1373 1220 1428 1279; x_wconf 88' lang='lat' dir='ltr'><strong>eia</strong></span> <span class='ocrx_word' id='word_1_67' title='bbox 1454 1235 1536 1294; x_wconf 91' lang='lat' dir='ltr'><strong>quo·</strong></span> 
     </span>
     <span class='ocr_line' id='line_1_10' title="bbox 398 1321 1534 1396; baseline 0.002 -16"><span class='ocrx_word' id='word_1_68' title='bbox 398 1338 476 1381; x_wconf 90' lang='lat' dir='ltr'><strong>rum</strong></span> <span class='ocrx_word' id='word_1_69' title='bbox 492 1322 705 1396; x_wconf 80' lang='lat' dir='ltr'><strong>sanguinem</strong></span> <span class='ocrx_word' id='word_1_70' title='bbox 719 1321 869 1381; x_wconf 87' lang='lat' dir='ltr'><strong>misouit</strong></span> <span class='ocrx_word' id='word_1_71' title='bbox 883 1322 1031 1382; x_wconf 78' lang='lat' dir='ltr'><strong>Pilatus</strong></span> <span class='ocrx_word' id='word_1_72' title='bbox 1045 1338 1121 1382; x_wconf 87' lang='lat' dir='ltr'><strong>enm</strong></span> <span class='ocrx_word' id='word_1_73' title='bbox 1136 1321 1345 1382; x_wconf 82' lang='lat' dir='ltr'><strong>saoriiioiis</strong></span> <span class='ocrx_word' id='word_1_74' title='bbox 1359 1321 1534 1396; x_wconf 82' lang='lat' dir='ltr'><strong>ipsorum:</strong></span> 
     </span>
     <span class='ocr_line' id='line_1_11' title="bbox 398 1421 1570 1497; baseline -0.001 -16"><span class='ocrx_word' id='word_1_75' title='bbox 398 1423 534 1495; x_wconf 90' lang='lat' dir='ltr'><strong>quibus</strong></span> <span class='ocrx_word' id='word_1_76' title='bbox 563 1422 758 1496; x_wconf 85' lang='lat' dir='ltr'><strong>rospondit</strong></span> <span class='ocrx_word' id='word_1_77' title='bbox 786 1422 963 1482; x_wconf 86' lang='lat' dir='ltr'><strong>Dominus</strong></span> <span class='ocrx_word' id='word_1_78' title='bbox 991 1424 1136 1483; x_wconf 81' lang='lat' dir='ltr'><strong>disens:</strong></span> <span class='ocrx_word' id='word_1_79' title='bbox 1169 1423 1323 1496; x_wconf 85' lang='lat' dir='ltr'><strong>putatis</strong></span> <span class='ocrx_word' id='word_1_80' title='bbox 1352 1423 1440 1497; x_wconf 86' lang='lat' dir='ltr'><strong>qnia</strong></span> <span class='ocrx_word' id='word_1_81' title='bbox 1468 1421 1570 1482; x_wconf 79' lang='lat' dir='ltr'><strong>illino</strong></span> 
     </span>
     <span class='ocr_line' id='line_1_12' title="bbox 398 1523 1531 1604; baseline 0.003 -22"><span class='ocrx_word' id='word_1_82' title='bbox 398 1523 563 1583; x_wconf 79' lang='lat' dir='ltr'><strong>Galilaei</strong></span> <span class='ocrx_word' id='word_1_83' title='bbox 589 1540 701 1598; x_wconf 87' lang='lat' dir='ltr'><strong>snper</strong></span> <span class='ocrx_word' id='word_1_84' title='bbox 728 1527 874 1584; x_wconf 86' lang='lat' dir='ltr'><strong>eeteros</strong></span> <span class='ocrx_word' id='word_1_85' title='bbox 905 1523 1103 1584; x_wconf 80' lang='lat' dir='ltr'><strong>Galilaeos</strong></span> <span class='ocrx_word' id='word_1_86' title='bbox 1124 1528 1346 1599; x_wconf 83' lang='lat' dir='ltr'><strong>peccatores</strong></span> <span class='ocrx_word' id='word_1_87' title='bbox 1369 1524 1531 1604; x_wconf 80' lang='lat' dir='ltr'><strong>fuerant,</strong></span> 
     </span>
     <span class='ocr_line' id='line_1_13' title="bbox 398 1626 1534 1701; baseline -0.001 -15"><span class='ocrx_word' id='word_1_88' title='bbox 398 1626 488 1701; x_wconf 86' lang='lat' dir='ltr'><strong>quia</strong></span> <span class='ocrx_word' id='word_1_89' title='bbox 516 1626 618 1699; x_wconf 85' lang='lat' dir='ltr'><strong>passi</strong></span> <span class='ocrx_word' id='word_1_90' title='bbox 653 1630 742 1685; x_wconf 92' lang='lat' dir='ltr'><strong>sunt</strong></span> <span class='ocrx_word' id='word_1_91' title='bbox 770 1626 887 1686; x_wconf 75' lang='lat' dir='ltr'><strong>talia?</strong></span> <span class='ocrx_word' id='word_1_92' title='bbox 916 1643 994 1685; x_wconf 92' lang='lat' dir='ltr'><strong>non.</strong></span> <span class='ocrx_word' id='word_1_93' title='bbox 1029 1626 1113 1686; x_wconf 88' lang='lat' dir='ltr'><strong>dieo</strong></span> <span class='ocrx_word' id='word_1_94' title='bbox 1142 1627 1239 1686; x_wconf 93' lang='lat' dir='ltr'><strong>enim</strong></span> <span class='ocrx_word' id='word_1_95' title='bbox 1266 1627 1396 1699; x_wconf 89' lang='lat' dir='ltr'><strong>nobis,</strong></span> <span class='ocrx_word' id='word_1_96' title='bbox 1429 1626 1534 1701; x_wconf 86' lang='lat' dir='ltr'><strong>inquit,</strong></span> 
     </span>
     <span class='ocr_line' id='line_1_14' title="bbox 399 1726 1533 1801; baseline 0.004 -15"><span class='ocrx_word' id='word_1_97' title='bbox 399 1726 485 1800; x_wconf 91' lang='lat' dir='ltr'><strong>qnia</strong></span> <span class='ocrx_word' id='word_1_98' title='bbox 511 1727 590 1786; x_wconf 85' lang='lat' dir='ltr'><strong>nisi</strong></span> <span class='ocrx_word' id='word_1_99' title='bbox 618 1727 886 1801; x_wconf 82' lang='lat' dir='ltr'><strong>paenitentiam</strong></span> <span class='ocrx_word' id='word_1_100' title='bbox 909 1727 1090 1801; x_wconf 78' lang='lat' dir='ltr'><strong>egeritis,</strong></span> <span class='ocrx_word' id='word_1_101' title='bbox 1122 1745 1245 1788; x_wconf 90' lang='lat' dir='ltr'><strong>omnes</strong></span> <span class='ocrx_word' id='word_1_102' title='bbox 1267 1728 1454 1788; x_wconf 88' lang='lat' dir='ltr'><strong>similiter</strong></span> <span class='ocrx_word' id='word_1_103' title='bbox 1475 1745 1533 1801; x_wconf 84' lang='lat' dir='ltr'><strong>pe·</strong></span> 
     </span>
     <span class='ocr_line' id='line_1_15' title="bbox 396 1828 1535 1904; baseline 0.003 -18"><span class='ocrx_word' id='word_1_104' title='bbox 396 1828 516 1888; x_wconf 91' lang='lat' dir='ltr'><strong>rietis.</strong></span> <span class='ocrx_word' id='word_1_105' title='bbox 557 1831 622 1888; x_wconf 90' lang='lat' dir='ltr'><strong>ant</strong></span> <span class='ocrx_word' id='word_1_106' title='bbox 654 1828 715 1887; x_wconf 94' lang='lat' dir='ltr'><strong>illi</strong></span> <span class='ocrx_word' id='word_1_107' title='bbox 756 1830 877 1888; x_wconf 89' lang='lat' dir='ltr'><strong>dooem</strong></span> <span class='ocrx_word' id='word_1_108' title='bbox 919 1831 956 1888; x_wconf 90' lang='lat' dir='ltr'><strong>et</strong></span> <span class='ocrx_word' id='word_1_109' title='bbox 994 1831 1075 1888; x_wconf 89' lang='lat' dir='ltr'><strong>ooto</strong></span> <span class='ocrx_word' id='word_1_110' title='bbox 1114 1846 1226 1902; x_wconf 84' lang='lat' dir='ltr'><strong>snper</strong></span> <span class='ocrx_word' id='word_1_111' title='bbox 1264 1847 1354 1904; x_wconf 90' lang='lat' dir='ltr'><strong>quoe</strong></span> <span class='ocrx_word' id='word_1_112' title='bbox 1396 1829 1535 1889; x_wconf 88' lang='lat' dir='ltr'><strong>oeoidit</strong></span> 
     </span>
     <span class='ocr_line' id='line_1_16' title="bbox 397 1928 1568 2003; baseline 0.003 -15"><span class='ocrx_word' id='word_1_113' title='bbox 397 1930 517 1989; x_wconf 90' lang='lat' dir='ltr'><strong>turris</strong></span> <span class='ocrx_word' id='word_1_114' title='bbox 538 1930 575 1988; x_wconf 95' lang='lat' dir='ltr'><strong>in</strong></span> <span class='ocrx_word' id='word_1_115' title='bbox 604 1928 722 2001; x_wconf 83' lang='lat' dir='ltr'><strong>Siloa,</strong></span> <span class='ocrx_word' id='word_1_116' title='bbox 744 1930 891 2002; x_wconf 86' lang='lat' dir='ltr'><strong>putatia</strong></span> <span class='ocrx_word' id='word_1_117' title='bbox 920 1930 1007 2003; x_wconf 91' lang='lat' dir='ltr'><strong>qnia</strong></span> <span class='ocrx_word' id='word_1_118' title='bbox 1028 1930 1226 1990; x_wconf 89' lang='lat' dir='ltr'><strong>debitores</strong></span> <span class='ocrx_word' id='word_1_119' title='bbox 1248 1930 1402 1991; x_wconf 82' lang='lat' dir='ltr'><strong>fuerunt</strong></span> <span class='ocrx_word' id='word_1_120' title='bbox 1423 1931 1568 1992; x_wconf 78' lang='lat' dir='ltr'><strong>mortius</strong></span> 
     </span>
     <span class='ocr_line' id='line_1_17' title="bbox 396 2031 1532 2105; baseline 0 -14"><span class='ocrx_word' id='word_1_121' title='bbox 396 2048 506 2105; x_wconf 84' lang='lat' dir='ltr'><strong>super</strong></span> <span class='ocrx_word' id='word_1_122' title='bbox 534 2048 657 2091; x_wconf 91' lang='lat' dir='ltr'><strong>omnes</strong></span> <span class='ocrx_word' id='word_1_123' title='bbox 686 2032 852 2091; x_wconf 89' lang='lat' dir='ltr'><strong>homines</strong></span> <span class='ocrx_word' id='word_1_124' title='bbox 875 2032 937 2105; x_wconf 91' lang='lat' dir='ltr'><strong>qui</strong></span> <span class='ocrx_word' id='word_1_125' title='bbox 964 2031 1192 2091; x_wconf 89' lang='lat' dir='ltr'><strong>habitabant</strong></span> <span class='ocrx_word' id='word_1_126' title='bbox 1213 2032 1251 2091; x_wconf 91' lang='lat' dir='ltr'><strong>in</strong></span> <span class='ocrx_word' id='word_1_127' title='bbox 1272 2032 1532 2092; x_wconf 74' lang='lat' dir='ltr'><strong>Hierusalem?</strong></span> 
     </span>
     <span class='ocr_line' id='line_1_18' title="bbox 396 2133 1532 2208; baseline 0 -17"><span class='ocrx_word' id='word_1_128' title='bbox 396 2149 475 2206; x_wconf 91' lang='lat' dir='ltr'><strong>non,</strong></span> <span class='ocrx_word' id='word_1_129' title='bbox 498 2133 579 2192; x_wconf 85' lang='lat' dir='ltr'><strong>dieo</strong></span> <span class='ocrx_word' id='word_1_130' title='bbox 601 2134 717 2205; x_wconf 89' lang='lat' dir='ltr'><strong>uobis,</strong></span> <span class='ocrx_word' id='word_1_131' title='bbox 741 2135 845 2208; x_wconf 87' lang='lat' dir='ltr'><strong>inquit,</strong></span> <span class='ocrx_word' id='word_1_132' title='bbox 860 2134 944 2208; x_wconf 91' lang='lat' dir='ltr'><strong>qnia</strong></span> <span class='ocrx_word' id='word_1_133' title='bbox 966 2134 1042 2193; x_wconf 89' lang='lat' dir='ltr'><strong>nisi</strong></span> <span class='ocrx_word' id='word_1_134' title='bbox 1063 2134 1339 2207; x_wconf 88' lang='lat' dir='ltr'><strong>paenitentiam</strong></span> <span class='ocrx_word' id='word_1_135' title='bbox 1362 2133 1532 2208; x_wconf 79' lang='lat' dir='ltr'><strong>egeritis,</strong></span> 
     </span>
     <span class='ocr_line' id='line_1_19' title="bbox 396 2235 926 2308; baseline 0 -15"><span class='ocrx_word' id='word_1_136' title='bbox 396 2252 522 2294; x_wconf 88' lang='lat' dir='ltr'><strong>omnes</strong></span> <span class='ocrx_word' id='word_1_137' title='bbox 543 2235 730 2295; x_wconf 89' lang='lat' dir='ltr'><strong>similiter</strong></span> <span class='ocrx_word' id='word_1_138' title='bbox 751 2236 926 2308; x_wconf 88' lang='lat' dir='ltr'><strong>perietis.</strong></span> 
     </span>
    </p>

    <p class='ocr_par' dir='ltr' id='par_1_3' title="bbox 348 2335 1566 3322">
     <span class='ocr_line' id='line_1_20' title="bbox 348 2335 1532 2410; baseline 0.002 -17"><span class='ocrx_word' id='word_1_139' title='bbox 348 2337 388 2394; x_wconf 86' lang='lat'><strong>1&#39;6</strong></span> <span class='ocrx_word' id='word_1_140' title='bbox 439 2335 605 2394; x_wconf 80' lang='lat' dir='ltr'><strong>Exoitemus</strong></span> <span class='ocrx_word' id='word_1_141' title='bbox 626 2337 722 2409; x_wconf 86' lang='lat' dir='ltr'><strong>itaque</strong></span> <span class='ocrx_word' id='word_1_142' title='bbox 743 2354 794 2396; x_wconf 93' lang='lat' dir='ltr'><strong>nos</strong></span> <span class='ocrx_word' id='word_1_143' title='bbox 810 2341 949 2410; x_wconf 86' lang='lat' dir='ltr'><strong>quantum</strong></span> <span class='ocrx_word' id='word_1_144' title='bbox 974 2354 1136 2410; x_wconf 83' lang='lat' dir='ltr'><strong>possumus,</strong></span> <span class='ocrx_word' id='word_1_145' title='bbox 1160 2337 1265 2397; x_wconf 84' lang='lat' dir='ltr'><strong>fratres</strong></span> <span class='ocrx_word' id='word_1_146' title='bbox 1281 2337 1478 2409; x_wconf 77' lang='lat' dir='ltr'><strong>dilectissimi,</strong></span> <span class='ocrx_word' id='word_1_147' title='bbox 1502 2340 1532 2397; x_wconf 91' lang='lat' dir='ltr'><strong>et</strong></span> 
     </span>
     <span class='ocr_line' id='line_1_21' title="bbox 398 2436 1566 2511; baseline 0.001 -17"><span class='ocrx_word' id='word_1_148' title='bbox 398 2437 520 2509; x_wconf 85' lang='lat' dir='ltr'><strong>abrupto</strong></span> <span class='ocrx_word' id='word_1_149' title='bbox 541 2436 661 2495; x_wconf 87' lang='lat' dir='ltr'><strong>inertiae</strong></span> <span class='ocrx_word' id='word_1_150' title='bbox 682 2440 712 2495; x_wconf 89' lang='lat' dir='ltr'><strong>et</strong></span> <span class='ocrx_word' id='word_1_151' title='bbox 737 2437 902 2496; x_wconf 80' lang='lat' dir='ltr'><strong>securitatis</strong></span> <span class='ocrx_word' id='word_1_152' title='bbox 926 2454 1024 2497; x_wconf 89' lang='lat' dir='ltr'><strong>somno</strong></span> <span class='ocrx_word' id='word_1_153' title='bbox 1046 2439 1083 2496; x_wconf 90' lang='lat' dir='ltr'><strong>ad</strong></span> <span class='ocrx_word' id='word_1_154' title='bbox 1107 2438 1287 2497; x_wconf 83' lang='lat' dir='ltr'><strong>obseruanda</strong></span> <span class='ocrx_word' id='word_1_155' title='bbox 1310 2437 1425 2497; x_wconf 90' lang='lat' dir='ltr'><strong>Domini</strong></span> <span class='ocrx_word' id='word_1_156' title='bbox 1446 2453 1566 2511; x_wconf 80' lang='lat' dir='ltr'><strong>prae-ao</strong></span> 
     </span>
     <span class='ocr_line' id='line_1_22' title="bbox 396 2537 1530 2612; baseline 0.003 -17"><span class='ocrx_word' id='word_1_157' title='bbox 396 2540 480 2610; x_wconf 83' lang='lat' dir='ltr'><strong>nepta</strong></span> <span class='ocrx_word' id='word_1_158' title='bbox 495 2537 659 2610; x_wconf 73' lang='lat' dir='ltr'><strong>uigilemue.</strong></span> <span class='ocrx_word' id='word_1_159' title='bbox 681 2555 850 2612; x_wconf 87' lang='lat' dir='ltr'><strong>quaeramus</strong></span> <span class='ocrx_word' id='word_1_160' title='bbox 876 2541 938 2597; x_wconf 88' lang='lat' dir='ltr'><strong>tota</strong></span> <span class='ocrx_word' id='word_1_161' title='bbox 953 2541 1047 2598; x_wconf 89' lang='lat' dir='ltr'><strong>mente</strong></span> <span class='ocrx_word' id='word_1_162' title='bbox 1062 2538 1139 2611; x_wconf 93' lang='lat' dir='ltr'><strong>quod</strong></span> <span class='ocrx_word' id='word_1_163' title='bbox 1153 2539 1339 2610; x_wconf 85' lang='lat' dir='ltr'><strong>perdidimus,</strong></span> <span class='ocrx_word' id='word_1_164' title='bbox 1355 2541 1388 2596; x_wconf 93' lang='lat' dir='ltr'><strong>nt</strong></span> <span class='ocrx_word' id='word_1_165' title='bbox 1402 2537 1530 2598; x_wconf 87' lang='lat' dir='ltr'><strong>inuenire</strong></span> 
     </span>
     <span class='ocr_line' id='line_1_23' title="bbox 395 2636 1530 2716; baseline -0.001 -20"><span class='ocrx_word' id='word_1_166' title='bbox 395 2639 554 2712; x_wconf 85' lang='lat' dir='ltr'><strong>possimus:</strong></span> <span class='ocrx_word' id='word_1_167' title='bbox 588 2637 673 2710; x_wconf 89' lang='lat' dir='ltr'><strong>qnia</strong></span> <span class='ocrx_word' id='word_1_168' title='bbox 702 2638 914 2716; x_wconf 88' lang='lat' dir='ltr'><strong>quaerenti,</strong></span> <span class='ocrx_word' id='word_1_169' title='bbox 948 2640 990 2698; x_wconf 89' lang='lat' dir='ltr'><strong>ait</strong></span> <span class='ocrx_word' id='word_1_170' title='bbox 1022 2638 1175 2713; x_wconf 81' lang='lat' dir='ltr'><strong>scriptura,</strong></span> <span class='ocrx_word' id='word_1_171' title='bbox 1210 2637 1366 2697; x_wconf 90' lang='lat' dir='ltr'><strong>dabitur</strong></span> <span class='ocrx_word' id='word_1_172' title='bbox 1395 2641 1430 2697; x_wconf 92' lang='lat' dir='ltr'><strong>et</strong></span> <span class='ocrx_word' id='word_1_173' title='bbox 1451 2636 1530 2712; x_wconf 86' lang='lat' dir='ltr'><strong>pnl-</strong></span> 
     </span>
     <span class='ocr_line' id='line_1_24' title="bbox 395 2738 1530 2814; baseline 0.002 -18"><span class='ocrx_word' id='word_1_174' title='bbox 395 2738 500 2796; x_wconf 90' lang='lat' dir='ltr'><strong>eanti</strong></span> <span class='ocrx_word' id='word_1_175' title='bbox 521 2755 567 2812; x_wconf 85' lang='lat' dir='ltr'><strong>ap</strong></span> <span class='ocrx_word' id='word_1_176' title='bbox 578 2739 734 2798; x_wconf 87' lang='lat' dir='ltr'><strong>orietur.</strong></span> <span class='ocrx_word' id='word_1_177' title='bbox 763 2741 933 2799; x_wconf 83' lang='lat' dir='ltr'><strong>mundemus</strong></span> <span class='ocrx_word' id='word_1_178' title='bbox 954 2743 1068 2800; x_wconf 92' lang='lat' dir='ltr'><strong>domum</strong></span> <span class='ocrx_word' id='word_1_179' title='bbox 1094 2743 1223 2800; x_wconf 88' lang='lat' dir='ltr'><strong>nostram</strong></span> <span class='ocrx_word' id='word_1_180' title='bbox 1239 2740 1380 2798; x_wconf 90' lang='lat' dir='ltr'><strong>munditia</strong></span> <span class='ocrx_word' id='word_1_181' title='bbox 1394 2738 1530 2814; x_wconf 81' lang='lat' dir='ltr'><strong>spiritali,</strong></span> 
     </span>
     <span class='ocr_line' id='line_1_25' title="bbox 395 2839 1528 2915; baseline 0.001 -16"><span class='ocrx_word' id='word_1_182' title='bbox 395 2842 427 2899; x_wconf 93' lang='lat' dir='ltr'><strong>ut</strong></span> <span class='ocrx_word' id='word_1_183' title='bbox 453 2843 564 2900; x_wconf 83' lang='lat' dir='ltr'><strong>seurota</strong></span> <span class='ocrx_word' id='word_1_184' title='bbox 590 2858 717 2915; x_wconf 85' lang='lat' dir='ltr'><strong>quaeque</strong></span> <span class='ocrx_word' id='word_1_185' title='bbox 738 2843 768 2899; x_wconf 96' lang='lat' dir='ltr'><strong>et</strong></span> <span class='ocrx_word' id='word_1_186' title='bbox 787 2841 888 2900; x_wconf 89' lang='lat' dir='ltr'><strong>abdita</strong></span> <span class='ocrx_word' id='word_1_187' title='bbox 912 2842 1038 2915; x_wconf 78' lang='lat' dir='ltr'><strong>pesteris</strong></span> <span class='ocrx_word' id='word_1_188' title='bbox 1059 2840 1151 2901; x_wconf 85' lang='lat' dir='ltr'><strong>nostri</strong></span> <span class='ocrx_word' id='word_1_189' title='bbox 1173 2858 1241 2901; x_wconf 93' lang='lat' dir='ltr'><strong>uero</strong></span> <span class='ocrx_word' id='word_1_190' title='bbox 1262 2840 1405 2915; x_wconf 78' lang='lat' dir='ltr'><strong>euangelii</strong></span> <span class='ocrx_word' id='word_1_191' title='bbox 1419 2839 1528 2900; x_wconf 88' lang='lat' dir='ltr'><strong>lumine</strong></span> 
     </span>
     <span class='ocr_line' id='line_1_26' title="bbox 393 2942 1563 3017; baseline 0.004 -16"><span class='ocrx_word' id='word_1_192' title='bbox 393 2943 506 3002; x_wconf 86' lang='lat' dir='ltr'><strong>radiata</strong></span> <span class='ocrx_word' id='word_1_193' title='bbox 526 2943 640 3002; x_wconf 80' lang='lat' dir='ltr'><strong>dicant:</strong></span> <span class='ocrx_word' id='word_1_194' title='bbox 666 2943 739 3003; x_wconf 91' lang='lat' dir='ltr'><strong>tibi</strong></span> <span class='ocrx_word' id='word_1_195' title='bbox 765 2942 840 3003; x_wconf 90' lang='lat' dir='ltr'><strong>soli</strong></span> <span class='ocrx_word' id='word_1_196' title='bbox 866 2942 1010 3017; x_wconf 88' lang='lat' dir='ltr'><strong>deliqui</strong></span> <span class='ocrx_word' id='word_1_197' title='bbox 1036 2948 1074 3004; x_wconf 89' lang='lat' dir='ltr'><strong>et</strong></span> <span class='ocrx_word' id='word_1_198' title='bbox 1105 2943 1372 3016; x_wconf 90' lang='lat' dir='ltr'><strong>nequissimum</strong></span> <span class='ocrx_word' id='word_1_199' title='bbox 1391 2942 1427 3001; x_wconf 94' lang='lat' dir='ltr'><strong>in</strong></span> <span class='ocrx_word' id='word_1_200' title='bbox 1448 2958 1563 3006; x_wconf 77' lang='lat' dir='ltr'><strong>oen-aa</strong></span> 
     </span>
     <span class='ocr_line' id='line_1_27' title="bbox 394 3043 1529 3122; baseline 0.002 -19"><span class='ocrx_word' id='word_1_201' title='bbox 394 3045 525 3122; x_wconf 85' lang='lat' dir='ltr'><strong>speetu</strong></span> <span class='ocrx_word' id='word_1_202' title='bbox 550 3046 614 3104; x_wconf 95' lang='lat' dir='ltr'><strong>tuo</strong></span> <span class='ocrx_word' id='word_1_203' title='bbox 639 3043 726 3104; x_wconf 80' lang='lat' dir='ltr'><strong>feei:</strong></span> <span class='ocrx_word' id='word_1_204' title='bbox 757 3045 824 3118; x_wconf 90' lang='lat' dir='ltr'><strong>quia</strong></span> <span class='ocrx_word' id='word_1_205' title='bbox 850 3062 945 3104; x_wconf 88' lang='lat' dir='ltr'><strong>mors</strong></span> <span class='ocrx_word' id='word_1_206' title='bbox 974 3049 1215 3119; x_wconf 81' lang='lat' dir='ltr'><strong>peecatorum</strong></span> <span class='ocrx_word' id='word_1_207' title='bbox 1244 3045 1340 3104; x_wconf 96' lang='lat' dir='ltr'><strong>mala</strong></span> <span class='ocrx_word' id='word_1_208' title='bbox 1370 3046 1407 3104; x_wconf 90' lang='lat' dir='ltr'><strong>et</strong></span> <span class='ocrx_word' id='word_1_209' title='bbox 1434 3044 1529 3119; x_wconf 84' lang='lat' dir='ltr'><strong>apud</strong></span> 
     </span>
     <span class='ocr_line' id='line_1_28' title="bbox 393 3144 1528 3221; baseline 0.004 -19"><span class='ocrx_word' id='word_1_210' title='bbox 393 3144 535 3207; x_wconf 81' lang='lat' dir='ltr'><strong>inferos</strong></span> <span class='ocrx_word' id='word_1_211' title='bbox 561 3146 802 3220; x_wconf 80' lang='lat' dir='ltr'><strong>paenitentia</strong></span> <span class='ocrx_word' id='word_1_212' title='bbox 828 3147 951 3206; x_wconf 87' lang='lat' dir='ltr'><strong>nulla:</strong></span> <span class='ocrx_word' id='word_1_213' title='bbox 981 3147 1121 3208; x_wconf 82' lang='lat' dir='ltr'><strong>habentes</strong></span> <span class='ocrx_word' id='word_1_214' title='bbox 1148 3148 1179 3206; x_wconf 92' lang='lat' dir='ltr'><strong>in</strong></span> <span class='ocrx_word' id='word_1_215' title='bbox 1203 3145 1444 3221; x_wconf 75' lang='lat' dir='ltr'><strong>contemplatione</strong></span> <span class='ocrx_word' id='word_1_216' title='bbox 1465 3163 1528 3206; x_wconf 87' lang='lat' dir='ltr'><strong>ma·</strong></span> 
     </span>
     <span class='ocr_line' id='line_1_29' title="bbox 393 3247 1525 3322; baseline 0 -15"><span class='ocrx_word' id='word_1_217' title='bbox 393 3248 468 3308; x_wconf 82' lang='lat' dir='ltr'><strong>xime</strong></span> <span class='ocrx_word' id='word_1_218' title='bbox 484 3247 559 3308; x_wconf 91' lang='lat' dir='ltr'><strong>diem</strong></span> <span class='ocrx_word' id='word_1_219' title='bbox 574 3247 673 3307; x_wconf 81' lang='lat' dir='ltr'><strong>indicii</strong></span> <span class='ocrx_word' id='word_1_220' title='bbox 688 3251 718 3307; x_wconf 91' lang='lat' dir='ltr'><strong>et</strong></span> <span class='ocrx_word' id='word_1_221' title='bbox 732 3248 946 3309; x_wconf 88' lang='lat' dir='ltr'><strong>retributionis:</strong></span> <span class='ocrx_word' id='word_1_222' title='bbox 972 3252 1002 3308; x_wconf 88' lang='lat' dir='ltr'><strong>et</strong></span> <span class='ocrx_word' id='word_1_223' title='bbox 1018 3250 1094 3322; x_wconf 87' lang='lat' dir='ltr'><strong>quod</strong></span> <span class='ocrx_word' id='word_1_224' title='bbox 1108 3250 1145 3309; x_wconf 92' lang='lat' dir='ltr'><strong>ab</strong></span> <span class='ocrx_word' id='word_1_225' title='bbox 1161 3249 1293 3309; x_wconf 88' lang='lat' dir='ltr'><strong>omnibus</strong></span> <span class='ocrx_word' id='word_1_226' title='bbox 1307 3247 1391 3309; x_wconf 89' lang='lat' dir='ltr'><strong>nobie</strong></span> <span class='ocrx_word' id='word_1_227' title='bbox 1406 3248 1525 3308; x_wconf 82' lang='lat' dir='ltr'><strong>ereden-</strong></span> 
     </span>
    </p>
   </div>
   <div class='ocr_carea' id='block_1_3' title="bbox 391 3487 1525 3638">
    <p class='ocr_par' dir='ltr' id='par_1_4' title="bbox 391 3487 1525 3638">
     <span class='ocr_line' id='line_1_30' title="bbox 461 3487 1525 3555; baseline 0 -12"><span class='ocrx_word' id='word_1_228' title='bbox 461 3488 560 3544; x_wconf 79' lang='lat' dir='ltr'><strong>&#39;lLuo</strong></span> <span class='ocrx_word' id='word_1_229' title='bbox 585 3488 725 3553; x_wconf 83' lang='lat' dir='ltr'><strong>13,1-s.</strong></span> <span class='ocrx_word' id='word_1_230' title='bbox 898 3488 934 3543; x_wconf 90' lang='grc'><strong>22</strong></span> <span class='ocrx_word' id='word_1_231' title='bbox 957 3488 1019 3543; x_wconf 84' lang='lat' dir='ltr'><strong>Luo</strong></span> <span class='ocrx_word' id='word_1_232' title='bbox 1044 3488 1147 3552; x_wconf 91' lang='lat'><strong>11,10.</strong></span> <span class='ocrx_word' id='word_1_233' title='bbox 1321 3488 1356 3543; x_wconf 84' lang='grc'><strong>25</strong></span> <span class='ocrx_word' id='word_1_234' title='bbox 1374 3488 1418 3542; x_wconf 86' lang='lat' dir='ltr'><strong>Pe.</strong></span> <span class='ocrx_word' id='word_1_235' title='bbox 1439 3487 1525 3555; x_wconf 51' lang='lat' dir='ltr'><strong>bodi</strong></span> 
     </span>
     <span class='ocr_line' id='line_1_31' title="bbox 391 3573 609 3638; baseline -0.005 -12"><span class='ocrx_word' id='word_1_236' title='bbox 391 3573 426 3626; x_wconf 87' lang='grc'><strong>26</strong></span> <span class='ocrx_word' id='word_1_237' title='bbox 443 3573 487 3626; x_wconf 80' lang='lat' dir='ltr'><strong>Pa</strong></span> <span class='ocrx_word' id='word_1_238' title='bbox 505 3573 549 3638; x_wconf 75' lang='lat'><strong>33,</strong></span> <span class='ocrx_word' id='word_1_239' title='bbox 567 3573 609 3626; x_wconf 91' lang='grc'><strong>22.</strong></span> 
     </span>
    </p>
   </div>
   <div class='ocr_carea' id='block_1_4' title="bbox 388 3779 1526 4293">
    <p class='ocr_par' dir='ltr' id='par_1_5' title="bbox 388 3779 1526 4293">
     <span class='ocr_line' id='line_1_32' title="bbox 461 3779 1491 3865; baseline -0.003 -18"><span class='ocrx_word' id='word_1_240' title='bbox 461 3796 558 3848; x_wconf 66' lang='lat' dir='ltr'><strong>uuae</strong></span> <span class='ocrx_word' id='word_1_241' title='bbox 575 3808 665 3848; x_wconf 63' lang='lat' dir='ltr'><strong>aaa</strong></span> <span class='ocrx_word' id='word_1_242' title='bbox 789 3794 1086 3865; x_wconf 62' lang='lat' dir='ltr'><strong>anagniensem„</strong></span> <span class='ocrx_word' id='word_1_243' title='bbox 1213 3779 1286 3850; x_wconf 65' lang='lat' dir='ltr'><strong>ent</strong></span> <span class='ocrx_word' id='word_1_244' title='bbox 1304 3792 1491 3847; x_wconf 68' lang='lat' dir='ltr'><strong>nouere.</strong></span> 
     </span>
     <span class='ocr_line' id='line_1_33' title="bbox 391 3875 1526 3949; baseline -0.002 -19"><span class='ocrx_word' id='word_1_245' title='bbox 391 3878 409 3931; x_wconf 84' lang='lat' dir='ltr'><strong>b</strong></span> <span class='ocrx_word' id='word_1_246' title='bbox 426 3877 571 3945; x_wconf 79' lang='lat' dir='ltr'><strong>agentibus</strong></span> <span class='ocrx_word' id='word_1_247' title='bbox 590 3878 624 3933; x_wconf 88' lang='lat' dir='ltr'><strong><em>K</em></strong></span> <span class='ocrx_word' id='word_1_248' title='bbox 723 3879 741 3933; x_wconf 89' lang='grc'><strong>6</strong></span> <span class='ocrx_word' id='word_1_249' title='bbox 760 3884 907 3949; x_wconf 72' lang='lat' dir='ltr'><strong>agnoscant</strong></span> <span class='ocrx_word' id='word_1_250' title='bbox 925 3879 956 3934; x_wconf 88' lang='lat' dir='ltr'><strong><em>K</em></strong></span> <span class='ocrx_word' id='word_1_251' title='bbox 1058 3879 1074 3932; x_wconf 81' lang='grc'><strong>7</strong></span> <span class='ocrx_word' id='word_1_252' title='bbox 1093 3879 1165 3933; x_wconf 90' lang='lat' dir='ltr'><strong>enim</strong></span> <span class='ocrx_word' id='word_1_253' title='bbox 1182 3895 1234 3933; x_wconf 80' lang='lat' dir='ltr'><strong>om.</strong></span> <span class='ocrx_word' id='word_1_254' title='bbox 1252 3877 1287 3932; x_wconf 88' lang='lat' dir='ltr'><strong><em>K</em></strong></span> <span class='ocrx_word' id='word_1_255' title='bbox 1385 3876 1419 3930; x_wconf 93' lang='grc'><strong>12</strong></span> <span class='ocrx_word' id='word_1_256' title='bbox 1435 3875 1526 3944; x_wconf 88' lang='lat' dir='ltr'><strong>inquit</strong></span> 
     </span>
     <span class='ocr_line' id='line_1_34' title="bbox 390 3961 1526 4032; baseline -0.001 -16"><span class='ocrx_word' id='word_1_257' title='bbox 390 3963 559 4032; x_wconf 69' lang='lat' dir='ltr'><strong>quinimmo</strong></span> <span class='ocrx_word' id='word_1_258' title='bbox 663 3964 842 4020; x_wconf 78' lang='lat' dir='ltr'><strong>lbeiliaK¹</strong></span> <span class='ocrx_word' id='word_1_259' title='bbox 948 3963 1284 4022; x_wconf 77' lang='lat' dir='ltr'><strong>llniaiexniKm.2</strong></span> <span class='ocrx_word' id='word_1_260' title='bbox 1387 3961 1526 4030; x_wconf 69' lang='lat' dir='ltr'><strong>lbpoese·</strong></span> 
     </span>
     <span class='ocr_line' id='line_1_35' title="bbox 389 4045 1496 4122; baseline -0.003 -20"><span class='ocrx_word' id='word_1_261' title='bbox 389 4063 449 4103; x_wconf 84' lang='lat' dir='ltr'><strong>mue</strong></span> <span class='ocrx_word' id='word_1_262' title='bbox 467 4048 502 4103; x_wconf 92' lang='lat' dir='ltr'><strong><em>K</em></strong></span> <span class='ocrx_word' id='word_1_263' title='bbox 582 4051 619 4104; x_wconf 86' lang='grc'><strong>20</strong></span> <span class='ocrx_word' id='word_1_264' title='bbox 635 4053 664 4105; x_wconf 89' lang='lat' dir='ltr'><strong>et</strong></span> <span class='ocrx_word' id='word_1_265' title='bbox 681 4051 845 4122; x_wconf 74' lang='lat' dir='ltr'><strong>maturitatis]</strong></span> <span class='ocrx_word' id='word_1_266' title='bbox 864 4052 990 4106; x_wconf 85' lang='lat' dir='ltr'><strong>ueritatis</strong></span> <span class='ocrx_word' id='word_1_267' title='bbox 1008 4050 1042 4105; x_wconf 98' lang='lat' dir='ltr'><strong><em>K</em></strong></span> <span class='ocrx_word' id='word_1_268' title='bbox 1124 4049 1229 4104; x_wconf 84' lang='lat' dir='ltr'><strong>somnio</strong></span> <span class='ocrx_word' id='word_1_269' title='bbox 1246 4048 1280 4102; x_wconf 89' lang='lat' dir='ltr'><strong><em>K</em></strong></span> <span class='ocrx_word' id='word_1_270' title='bbox 1356 4046 1400 4115; x_wconf 87' lang='lat' dir='ltr'><strong>ad]</strong></span> <span class='ocrx_word' id='word_1_271' title='bbox 1417 4047 1445 4100; x_wconf 86' lang='lat' dir='ltr'><strong>et</strong></span> <span class='ocrx_word' id='word_1_272' title='bbox 1463 4045 1496 4100; x_wconf 91' lang='lat' dir='ltr'><strong><em>K</em></strong></span> 
     </span>
     <span class='ocr_line' id='line_1_36' title="bbox 388 4130 1492 4207; baseline -0.003 -20"><span class='ocrx_word' id='word_1_273' title='bbox 388 4134 423 4187; x_wconf 85' lang='grc'><strong>21</strong></span> <span class='ocrx_word' id='word_1_274' title='bbox 440 4135 570 4206; x_wconf 87' lang='lat' dir='ltr'><strong>inuenire]</strong></span> <span class='ocrx_word' id='word_1_275' title='bbox 589 4151 651 4191; x_wconf 87' lang='lat' dir='ltr'><strong>nere</strong></span> <span class='ocrx_word' id='word_1_276' title='bbox 668 4137 702 4191; x_wconf 89' lang='lat' dir='ltr'><strong><em>K</em></strong></span> <span class='ocrx_word' id='word_1_277' title='bbox 705 4156 712 4202; x_wconf 70' lang='grc' dir='ltr'><strong>ς</strong></span> <span class='ocrx_word' id='word_1_278' title='bbox 730 4138 766 4204; x_wconf 76' lang='lat' dir='ltr'><strong>cf.</strong></span> <span class='ocrx_word' id='word_1_279' title='bbox 781 4154 849 4207; x_wconf 74' lang='lat' dir='ltr'><strong>paq.</strong></span> <span class='ocrx_word' id='word_1_280' title='bbox 866 4141 909 4202; x_wconf 78' lang='lat'><strong>67,</strong></span> <span class='ocrx_word' id='word_1_281' title='bbox 927 4143 962 4194; x_wconf 88' lang='lat'><strong>10</strong></span> <span class='ocrx_word' id='word_1_282' title='bbox 1073 4135 1109 4190; x_wconf 85' lang='grc'><strong>23</strong></span> <span class='ocrx_word' id='word_1_283' title='bbox 1126 4134 1274 4189; x_wconf 86' lang='lat' dir='ltr'><strong>munditias</strong></span> <span class='ocrx_word' id='word_1_284' title='bbox 1292 4132 1425 4202; x_wconf 86' lang='lat' dir='ltr'><strong>spiritalis</strong></span> <span class='ocrx_word' id='word_1_285' title='bbox 1444 4130 1492 4185; x_wconf 85' lang='lat' dir='ltr'><strong>K¹</strong></span> 
     </span>
     <span class='ocr_line' id='line_1_37' title="bbox 388 4216 1496 4293; baseline -0.002 -21"><span class='ocrx_word' id='word_1_286' title='bbox 388 4220 423 4273; x_wconf 75' lang='lat'><strong>24</strong></span> <span class='ocrx_word' id='word_1_287' title='bbox 440 4235 458 4273; x_wconf 89' lang='lat' dir='ltr'><strong>a</strong></span> <span class='ocrx_word' id='word_1_288' title='bbox 475 4222 588 4289; x_wconf 81' lang='lat' dir='ltr'><strong>pectoris</strong></span> <span class='ocrx_word' id='word_1_289' title='bbox 605 4221 640 4276; x_wconf 96' lang='lat' dir='ltr'><strong><em>K</em></strong></span> <span class='ocrx_word' id='word_1_290' title='bbox 769 4223 805 4277; x_wconf 80' lang='grc'><strong>25</strong></span> <span class='ocrx_word' id='word_1_291' title='bbox 820 4222 942 4293; x_wconf 83' lang='lat' dir='ltr'><strong>delinqui</strong></span> <span class='ocrx_word' id='word_1_292' title='bbox 959 4223 994 4278; x_wconf 93' lang='lat' dir='ltr'><strong><em>K</em></strong></span> <span class='ocrx_word' id='word_1_293' title='bbox 998 4226 1006 4254; x_wconf 88' lang='lat'><strong>¹</strong></span> <span class='ocrx_word' id='word_1_294' title='bbox 1138 4219 1172 4275; x_wconf 79' lang='grc'><strong>27</strong></span> <span class='ocrx_word' id='word_1_295' title='bbox 1191 4217 1444 4289; x_wconf 85' lang='lat' dir='ltr'><strong>oontemplationom</strong></span> <span class='ocrx_word' id='word_1_296' title='bbox 1462 4216 1496 4271; x_wconf 95' lang='lat' dir='ltr'><strong><em>K</em></strong></span> 
     </span>
    </p>
   </div>
   <div class='ocr_carea' id='block_1_5' title="bbox 0 0 1864 4920">
    <p class='ocr_par' dir='ltr' id='par_1_6' title="bbox 0 0 1864 4920">
     <span class='ocr_line' id='line_1_38' title="bbox 0 0 1864 4920; baseline 0 5"><span class='ocrx_word' id='word_1_297' title='bbox 0 0 1864 4920; x_wconf 95' lang='lat' dir='ltr'><strong> </strong></span> 
     </span>
    </p>
   </div>
  </div>
 </body>
</html>
