3720 4920
378 354 439 418 156
848 345 1032 415 Appendin

373 506 540 581 apparebit,
562 505 611 580 qui
632 504 799 578 disciplinae
814 505 942 565 laborem
966 505 997 564 in
1022 505 1214 566 adulescentia
1234 521 1290 566 non
1312 502 1504 564 sustinuerit?

375 611 570 683 quodcumque
595 607 700 668 etenim
714 609 799 667 homo
813 608 1006 681 laboranerit,
1028 609 1082 669 hoc
1105 612 1134 668 et
1152 610 1250 668 metet
1273 605 1389 667 omnis
1410 621 1504 666 nam·

375 728 442 785 qne
464 710 667 783 disciplina
699 709 735 767 in
768 710 965 783 praesenti
997 726 1065 769 non
1097 710 1245 770 uidetur
1272 725 1355 769 esse
1378 707 1505 782 gaudii

375 813 641 872 sedmaeroris:
657 816 786 883 postea
800 815 919 870 autem
934 812 1093 871 fructum
1113 811 1390 887 pacatissimum
1406 826 1505 870 exer·

374 915 507 974 citatio
527 931 592 988 per
614 931 688 973 eam
709 913 835 973 reddit
849 914 1035 973 iustitiae.
1051 914 1127 973 sicut
1140 930 1206 989 ergo
1222 914 1334 974 tructus
1349 930 1405 973 non
1420 912 1527 973 inne-s

375 1015 454 1075 nitur
467 1016 497 1073 in
508 1018 608 1075 arbore
624 1015 726 1089 inqua
742 1014 893 1089 pampinus
909 1018 959 1074 aut
975 1016 1027 1074 fios
1043 1017 1123 1089 prius
1137 1033 1192 1076 non
1207 1015 1389 1089 apparuerit,
1418 1014 1461 1074 sic
1476 1016 1506 1073 et

375 1116 405 1174 in
428 1120 575 1176 senectute
590 1119 724 1176 honorem
746 1117 908 1189 legitimum
935 1116 1071 1191 consequi
1085 1134 1141 1176 non
1161 1117 1267 1191 poterit
1284 1117 1334 1191 qni
1354 1116 1385 1174 in
1406 1115 1505 1175 adule-

376 1219 488 1278 scentia
502 1219 670 1292 disciplinae
684 1218 806 1277 alicuius
821 1218 1074 1278 exercitationibus
1088 1236 1144 1279 non
1156 1219 1338 1278 laboranerit.
1353 1217 1506 1292 disciplina

375 1320 467 1395 igitur
482 1323 588 1396 absque
603 1322 784 1381 oboedientia
807 1322 933 1396 qualiter
954 1322 1016 1380 fieri
1037 1320 1153 1396 potest?
1176 1323 1343 1381 adulescens
1359 1336 1427 1394 ergo
1442 1318 1505 1378 sine

375 1423 555 1482 oboedientia
566 1424 733 1483 adulescens
745 1424 807 1484 sine
818 1423 973 1496 disciplina
984 1427 1045 1483 est:
1063 1424 1196 1498 quoniam
1207 1426 1236 1483 et
1250 1424 1314 1497 ipsa
1325 1421 1541 1483 oboedientiam

377 1540 450 1596 quae
466 1526 589 1584 omnium
605 1524 820 1598 disciplinarum
835 1529 927 1584 mater
943 1529 988 1584 est
1003 1542 1106 1599 magna
1120 1525 1321 1584 exercitatione
1336 1523 1458 1598 indiget,
1474 1526 1506 1582 ut

376 1626 422 1683 sni
437 1642 564 1684 normam
579 1626 667 1685 studii
682 1626 796 1685 Christo
812 1628 931 1685 Domino
946 1627 1082 1686 exhibeat
1097 1628 1146 1700 qni
1161 1627 1312 1686 oboediens
1326 1624 1504 1699 patriusque

374 1726 413 1785 ad
426 1729 547 1787 mortam
562 1728 655 1788 crucis
670 1727 855 1801 ignominiam
870 1727 995 1788 libenter
1007 1728 1153 1787 sustinuit.

684 1921 796 1980 DIVES
823 1921 911 1980 SINE
934 1922 1195 1981 ELEEMOSYNA.

343 2062 367 2126 4
418 2072 542 2142 Quartus
556 2073 703 2132 abusionis
718 2075 824 2147 gradus
840 2077 886 2133 est
900 2074 981 2134 diues
996 2076 1058 2133 sine
1073 2075 1265 2148 eleemosyna,
1291 2072 1341 2146 qni
1362 2072 1506 2146 superflua
1516 2085 1541 2123 ¹⁵

375 2192 444 2234 usus
460 2176 506 2234 eui
521 2192 594 2250 quae
610 2176 797 2236 custodienda
818 2178 849 2235 in
864 2181 1009 2250 posterum
1026 2178 1155 2237 recondit
1174 2176 1370 2250 indigentibus
1386 2179 1416 2234 et
1430 2175 1505 2233 nihil

375 2275 551 2336 habentibus
566 2294 622 2336 non
638 2277 801 2337 distribuit:
825 2295 877 2351 per
891 2280 967 2352 quod
982 2279 1119 2352 edicitur,
1144 2283 1177 2339 nt
1191 2279 1257 2337 dnm
1279 2279 1309 2336 in
1324 2282 1403 2337 terra
1417 2294 1506 2351 quae-

375 2376 434 2435 sita
448 2376 581 2451 diligenti
605 2395 673 2437 cura
702 2380 844 2450 custodit,
873 2379 1006 2438 caelestis
1039 2381 1150 2453 patriae
1170 2397 1323 2454 perennem
1337 2380 1505 2437 thesaurum

376 2479 500 2539 amittat.
516 2482 552 2539 ad
568 2497 651 2553 quem
666 2481 833 2541 thesaurum
849 2481 988 2541 Dominus
1005 2483 1087 2542 lesus
1102 2482 1310 2541 adulescentem
1322 2480 1442 2540 diuitem
1456 2479 1504 2552 qui

375 2597 439 2639 eum
454 2584 489 2640 de
504 2582 677 2655 perfectione
703 2585 932 2657 interrogauerat
953 2585 995 2643 ita
1021 2587 1194 2659 respondens
1218 2585 1367 2644 inuitauit:
1391 2585 1422 2641 si
1445 2584 1541 2642 uie²⁰

374 2684 568 2756 perfectus
590 2701 686 2757 esse,
709 2685 799 2744 uada
815 2688 928 2744 nenda
952 2687 1174 2760 omnisonae
1189 2684 1297 2747 h’abee
1312 2686 1504 2757 etdapan·

374 2785 544 2857 peribus,
567 2789 602 2844 et
624 2786 706 2845 ueni
730 2803 884 2860 sequere
907 2805 972 2859 me,
1007 2791 1042 2846 et
1063 2788 1219 2848 habebis
1241 2786 1505 2846 thesaurumin

376 2885 487 2944 caelo.
503 2903 587 2959 qnam
602 2888 768 2947 thesaurum
784 2888 882 2947 nullus
897 2907 1032 2962 umquam
1047 2890 1190 2949 hominnm
1206 2889 1310 2949 habere
1325 2890 1431 2961 potest,
1447 2887 1505 2946 nisi

375 2987 425 3059 qui
441 2988 614 3060 pauperibus
627 2989 734 3048 solacia
748 2993 877 3062 praestat
891 2995 942 3050 aut
957 3008 1008 3064 per
1023 2995 1112 3051 semet
1127 2992 1220 3065 ipsum
1235 3007 1343 3065 pauper
1358 2992 1412 3050 est.
1444 3007 1500 3049 non

442 3268 461 3321 2
478 3268 560 3323 Hebr.
581 3267 622 3333 12,
641 3271 681 3322 11.
786 3271 822 3324 20
840 3269 940 3323 Matth.
961 3271 1002 3336 19,
1020 3271 1062 3324 21.

441 3540 675 3595 2111011111.
695 3545 715 3595 2
792 3543 809 3596 3
827 3558 885 3597 esse
901 3558 952 3597 om.
971 3544 1003 3597 Χ
1078 3543 1212 3612 tantem]
1232 3557 1326 3597 ueroo
1408 3544 1504 3599 enerci-

371 3625 441 3679 tatis
460 3624 492 3679 X
587 3626 713 3681 breddet
735 3629 774 3682 Vo
872 3643 934 3699 ergo
953 3645 1003 3683 oea.
1022 3629 1059 3694 X,
1078 3629 1149 3683 enim
1171 3629 1195 3683 V
1291 3630 1308 3683 6
1325 3632 1353 3682 ot
1371 3645 1422 3684 orn.
1441 3631 1469 3682 X

372 3711 536 3779 laesequio
604 3712 850 3769 Berercitationeo
920 3714 955 3767 10
972 3714 1141 3769 oboedientia
1158 3715 1306 3770 aduliscens
1324 3715 1420 3785 (igitur
1437 3715 1503 3771 odd
1525 3722 1526 3725 ’

376 3796 416 3865 V)
435 3813 456 3849 s.
475 3794 617 3865 disciplina
639 3798 699 3862 GV,
717 3799 861 3869 disciplina
878 3816 901 3854 a
919 3816 940 3853 s
959 3800 1127 3854 oboedientia
1144 3801 1191 3856 Xo
1294 3802 1327 3854 11
1346 3803 1387 3854 est
1409 3801 1502 3856 eat

371 3885 444 3935 m.a
524 3882 567 3951 ut]
585 3883 684 3936 etenim
702 3884 739 3949 X,
760 3901 862 3952 quaen
944 3885 977 3938 12
994 3902 1011 3938 a
1028 3885 1128 3940 christo
1142 3885 1179 3950 X,
1199 3886 1227 3939 in
1245 3886 1380 3940 christoe
1461 3902 1504 3939 en-

373 3965 476 4035 hibeat]
495 3969 607 4037 suscipit
620 3969 658 4033 X,
676 3970 820 4037 sumpsito
897 3971 930 4024 16
948 3988 1012 4024 usus
1030 3973 1072 4024 sui
1090 3988 1141 4026 osea
1160 3973 1190 4025 X
1257 3987 1378 4039 quaeque
1400 3972 1469 4026 (ΡΧ

371 4050 514 4104 recondam
533 4052 564 4106 X
676 4054 709 4107 11
726 4054 799 4124 dnm]
820 4071 880 4110 cum
900 4056 931 4110 X
1043 4058 1076 4110 19
1094 4057 1199 4110 amittit
1216 4056 1267 4120 X¹,
1285 4055 1424 4110 ammittat
1445 4059 1469 4110 G

372 4136 419 4202 qui
436 4136 515 4191 illum
537 4138 568 4202 V,
587 4139 665 4194 illum
684 4140 731 4209 qni
751 4142 776 4194 (l
897 4141 933 4196 20
949 4142 1077 4196 incitauit
1098 4141 1125 4196 V
1242 4143 1274 4195 21
1294 4141 1362 4197 uada
1380 4144 1407 4195 et
1429 4141 1470 4196 Vo

370 4221 406 4274 22
423 4225 452 4276 et
469 4238 578 4291 sequere
600 4227 626 4279 V
745 4227 780 4281 23
797 4227 937 4282 hominum
955 4242 1082 4296 umquam
1104 4228 1129 4282 V
1247 4228 1284 4284 24
1301 4244 1329 4281 se
1347 4229 1434 4296 ipsum
1452 4244 1470 4281 o
