3720 4920
347 290 458 339 mlv

346 427 489 504 emere,
519 426 642 510 reapse
671 426 772 493 oue
799 425 944 510 epuns
972 396 1129 506 mese,
1158 427 1240 493 zum
1268 427 1370 493 oue
1394 427 1477 494 aare

347 537 497 620 cypriam
519 538 667 603 mantis
688 557 785 620 quam
806 537 863 603 uo
885 537 969 604 dum
985 537 1152 619 passionis
1172 556 1228 603 sue
1248 538 1342 620 dicit,
1364 538 1479 604 Passio

347 631 830 732 semetsemet.
846 648 975 714 neue
989 649 1091 714 exsut
1106 647 1311 755 subscriptio:
1329 647 1477 730 neptes

348 759 496 843 epistolae
513 759 645 844 ptoriosi
664 760 816 834 martiris,
830 758 973 840 cipetum
992 745 1201 841 oadapiriesis
1215 758 1267 838 epi
1281 760 1339 841 pai
1353 765 1477 841 priuata

347 870 523 953 eloquentia
536 873 718 952 quantaque
731 868 877 934 acaum
891 868 975 934 iuter
989 867 1154 934 ootbotioos
1163 869 1303 940 doctores
1317 870 1478 953 refulserit

348 981 473 1066 epistole
496 981 564 1046 eius
587 979 843 1061 spteudidissime
864 979 1029 1044 uerborum
1050 983 1167 1044 oruata
1190 979 1479 1062 sententiarumque

348 1091 486 1157 amate
508 1090 622 1172 optime
644 1089 864 1172 testificantur.
889 1089 999 1155 deinde
1018 1106 1098 1154 nouo
1118 1090 1352 1174 signeturernm
1372 1090 1479 1156 ordine

350 1202 451 1266 Α-Ι)
467 1200 683 1284 quaterniones
697 1201 844 1267 secuntur
858 1199 1035 1264 exhibentes
1046 1197 1143 1265 libros
1156 1200 1221 1265 tres
1232 1199 1287 1264 Ad
1300 1197 1478 1275 Quiritem

351 1329 482 1394 quorum
504 1310 617 1376 tertium
637 1310 774 1376 meditus
789 1312 856 1376 eret
871 1328 944 1376 cum
957 1309 1016 1375 hec
1029 1308 1248 1394 inscriptione:
1270 1310 1393 1391 Incipit
1402 1330 1479 1393 pro

351 1420 439 1505 lopus
452 1421 490 1485 ire
505 1420 601 1486 libros
619 1420 702 1487 beati
721 1419 865 1501 cipriom
879 1419 1025 1484 martiris
1039 1424 1151 1485 contra
1164 1419 1279 1486 ludoos
1292 1420 1399 1486 editos.
1422 1421 1479 1502 qui

351 1529 474 1612 quidem
490 1529 641 1613 prolapus
660 1534 704 1594 est
717 1529 854 1610 epistula
874 1510 978 1610 quoda
996 1529 1040 1594 od
1059 1515 1196 1611 quirini
1209 1531 1341 1612 scripta,
1356 1532 1388 1595 et
1403 1531 1479 1594 sub·

350 1640 531 1724 scriptione:
546 1638 693 1723 Explicit
707 1640 786 1704 leber
795 1641 909 1705 tacius
919 1639 1020 1723 cecilii
1029 1640 1172 1722 cipriani
1182 1641 1313 1725 ploiiosi
1323 1642 1478 1705 mortue.

350 1748 588 1831 Arcbiepiscopi
610 1750 864 1833 cartlapiaeusis
886 1748 1029 1815 Oratoris
1050 1750 1303 1815 eacetbme'ssimi
1318 1751 1362 1815 ad
1376 1751 1479 1833 quiri-

351 1877 439 1923 aum.
455 1858 1195 1942 inquotibrosioutctiaduobuspriorebusfides
1205 1859 1359 1925 catholica
1370 1864 1480 1925 asem

350 1969 515 2034 iudeorum
540 1974 568 2034 et
591 1970 760 2051 perititiam
788 1989 907 2035 errores
934 1989 1101 2034 sacrarum
1128 1954 1367 2050 scripturarum
1395 1970 1478 2034 tosti-

350 2078 643 2161 moniisfortissime
649 2078 1259 2162 muniturctcorroboraturdeopratias.
1271 2097 1479 2163 operumpars

350 2186 442 2272 longe
456 2188 593 2253 maxime
604 2208 640 2254 ex
652 2189 787 2254 editione
801 2189 938 2272 principe
949 2190 982 2254 in
992 2189 1072 2253 hanc
1086 2190 1211 2272 recepte
1224 2191 1273 2254 est
1287 2209 1359 2253 cum
1373 2189 1474 2255 isdem

264 2352 268 2360 .
350 2297 472 2364 mendis
483 2297 645 2379 isdemque
656 2297 777 2364 lacunis
787 2297 1093 2363 nullnemendatione
1101 2317 1138 2363 er
1146 2299 1208 2364 elio
1220 2299 1324 2365 codice
1333 2299 1477 2380 repetite,

351 2405 385 2471 in
400 2407 504 2490 eisque
524 2407 615 2472 nulla
634 2407 682 2472 est
700 2407 797 2471 huius
817 2406 964 2472 editionis
983 2408 1161 2473 auctoritas.
1182 2408 1231 2473 est
1245 2425 1318 2472 uero
1339 2408 1477 2473 maxime

351 2516 385 2581 in
410 2516 547 2600 ineditis,
576 2533 708 2599 quorum
734 2516 883 2582 nonnulle
907 2534 1030 2600 perraro
1055 2517 1089 2582 in
1114 2517 1272 2583 codicibus
1302 2521 1479 2597 occununt,

353 2627 441 2693 uelut
460 2626 562 2692 libelli
577 2624 628 2693 De
641 2627 717 2692 boue
727 2612 905 2708 pudicitiae
920 2628 951 2692 et
965 2626 1020 2691 Ad
1034 2627 1268 2705 Nouatiaaum,
1289 2646 1365 2710 quos
1379 2629 1480 2710 primo

353 2737 529 2803 ebErssmo
542 2737 642 2802 editos
654 2755 719 2801 esse
731 2753 836 2801 omnes
849 2736 987 2801 credunt.
1003 2736 1049 2801 ita
1059 2737 1153 2801 huius
1168 2737 1314 2803 editionis
1329 2738 1480 2803 memoria

352 2846 482 2914 interiit.
505 2846 533 2912 si
548 2848 653 2913 eutem
673 2866 743 2913 eum
764 2865 819 2914 nec
833 2848 962 2913 Eresmo
984 2847 1155 2915 innotuisse
1169 2846 1400 2915 Schoenemunn
1415 2849 1436 2914 l.
1454 2867 1479 2914 c.

351 2976 382 3039 p.
394 2957 551 3035 110dicit‚
564 2958 661 3035 erret;
673 2976 746 3022 nem
754 2959 792 3022 de
800 2957 906 3023 libello
918 2958 1018 3040 priore
1029 2958 1062 3022 in
1074 2959 1326 3023 annotationibus
1334 2959 1482 3023 Erasmus

352 3067 429 3133 haec
450 3066 554 3132 docet:
577 3065 660 3132 burto
674 3066 713 3131 ire
726 3069 827 3133 uetere
850 3067 989 3148 padam
1011 3067 1168 3132 deditiores
1190 3086 1337 3133 excusum
1357 3070 1485 3149 repperi

353 3177 406 3243 sod
417 3177 598 3241 newsum
609 3176 685 3241 loeis
696 3176 915 3258 conpluribus,
930 3197 984 3243 uec
996 3177 1086 3242 le'ouit
1095 3177 1213 3243 maai
1223 3179 1345 3244 ouuais
1356 3179 1481 3259 erratis,

353 3286 816 3368 puodaoasueourreretuttum
825 3286 917 3350 atiud
928 3287 1096 3367 exemplar.
1113 3287 1257 3369 quamuis
1269 3287 1350 3353 unde
1363 3287 1481 3352 librum

353 3397 649 3476 ddNouatioaum,
662 3396 838 3480 Aupustiui
851 3415 1029 3477 sermonem,
1045 3396 1128 3461 duas
1138 3397 1294 3461 oratioms
1305 3416 1383 3479 quse
1394 3397 1482 3462 dein·

353 3526 424 3590 ceps
439 3507 538 3573 edidit
549 3507 775 3591 deprompserit
786 3524 847 3571 non
859 3507 952 3584 dicet,
968 3507 1073 3572 temen
1086 3508 1164 3589 quin
1175 3525 1213 3571 ex
1224 3507 1333 3572 eadem
1345 3507 1480 3572 editione

352 3616 498 3682 fluxerint
511 3617 639 3701 propter
653 3618 757 3682 textus
772 3633 955 3682 consensum
971 3616 1111 3682 dubitari
1121 3618 1241 3701 nequit.
1257 3619 1311 3684 sed
1323 3618 1481 3703 integrum

353 3728 499 3794 editionis
514 3729 670 3811 exemplar
680 3728 849 3810 inspexisse
859 3744 919 3793 non
932 3727 1066 3794 uidetur.
1083 3747 1157 3794 nem
1168 3730 1299 3795 tertium
1308 3729 1363 3793 Ad
1374 3728 1482 3811 Quiri·

353 3859 432 3906 arca
454 3841 571 3906 librum
592 3833 636 3905 ‘in
651 3838 972 3924 uulgatisifcodicibus
994 3858 1054 3905 non
1078 3839 1224 3905 habitum
1240 3860 1277 3905 ex
1291 3840 1485 3906 bibliothece

353 3938 579 4029 Iemblecensi’‚
600 3968 637 4014 ex
657 3948 762 4015 codice
786 3948 917 4015 sortasse
940 3949 1046 4014 eodem
1062 3967 1098 4014 ex
1113 3968 1173 4032 quo
1197 3949 1316 4016 librum
1332 3950 1369 4014 de
1385 3949 1480 4014 laude

352 4062 504 4144 martyrii
517 4061 639 4146 primus
654 4060 762 4145 edidit,
778 4079 811 4127 ss
826 4060 974 4127 adiecisse
988 4061 1131 4127 testatur.
1153 4062 1236 4128 inter
1251 4062 1481 4128 uetustissimos

353 4171 499 4257 Cypriani
529 4173 679 4238 editiones
708 4172 807 4237 fertur
835 4171 1016 4238 Perisiensis
1045 4190 1073 4237 e
1108 4173 1193 4239 1500
1222 4174 1306 4255 apud
1336 4173 1483 4239 lodocum
