3720 4920
817 287 999 356 appendix.

534 447 611 505 Vera
626 445 693 520 quid
707 463 726 506 a
740 444 835 518 falsis,
852 443 972 518 quidet
987 445 1095 505 umbris
1112 445 1220 505 lumina
1234 445 1352 506 dietam.

535 547 739 622 Philosophum
753 547 846 622 fingis,
862 564 925 606 cum
940 549 970 606 ta
984 546 1125 607 sententia
1143 548 1248 608 mutet:

536 652 610 710 Nam
624 651 680 710 tibi
694 651 719 709 si
733 651 910 710 stomachum
924 651 1071 723 popularia
1085 650 1207 708 mouerit
1221 650 1274 721 ira,

475 755 517 814 50
539 754 577 811 ut
591 754 713 811 ludaeos
728 753 785 810 eris
799 753 933 825 totusque
948 751 1074 810 incertus
1091 750 1215 810 haberis.

537 854 658 927 Indulge
673 854 768 926 dictis,
783 853 925 928 sapientia
939 871 994 914 non
1009 855 1103 927 placet
1117 853 1186 913 alta.

538 957 626 1014 Omne
641 957 716 1029 quod
730 958 776 1014 est
791 955 908 1014 nimium
923 958 1022 1015 contra
1037 956 1128 1014 cadit:
1145 973 1237 1014 unum
1252 956 1405 1030 operantur

538 1058 577 1116 Et
593 1058 669 1118 calor
683 1061 712 1117 et
726 1058 833 1130 fagus:
850 1056 892 1116 sic
906 1058 969 1128 hoc,
985 1058 1027 1116 sic
1042 1057 1116 1117 illud
1130 1058 1235 1117 adurit.

537 1161 584 1219 Sic
598 1161 732 1219 tenebrae
747 1161 850 1231 uisum,
868 1161 910 1218 sio
925 1161 967 1219 sol
983 1159 1145 1220 contrarius
1160 1160 1264 1231 aufert,

476 1263 516 1321 55
538 1263 577 1321 Et
591 1263 699 1337 pariter
712 1261 830 1321 laedunt
844 1262 971 1335 gelidum
986 1262 1159 1336 feruensqne
1175 1263 1334 1321 laneorum:

541 1364 616 1423 Esca
629 1363 716 1422 ulitur
730 1380 841 1437 corpus,
858 1381 961 1437 corpus
975 1364 1166 1437 corrumpitur
1181 1379 1256 1435 esca,

542 1465 662 1540 Vimque
677 1482 756 1524 suam
772 1466 885 1537 minuit,
901 1467 927 1524 si
942 1465 1010 1540 quid
1025 1467 1207 1540 protenditur
1221 1466 1307 1524 ultra

544 1569 670 1642 Denique
685 1568 710 1627 si
727 1568 836 1639 sedeas,
852 1566 964 1641 requies
980 1569 1024 1626 est
1039 1585 1142 1641 magna
1153 1567 1277 1628 laboris:

544 1670 574 1727 Si
587 1670 708 1729 multum
723 1671 834 1741 sedeas,
849 1669 930 1727 labor
944 1670 998 1727 est.
1016 1668 1095 1726 Maro
1111 1685 1232 1740 namque
1246 1671 1331 1742 poeta

480 1772 521 1830 60
542 1771 597 1830 Pro
612 1771 824 1845 poenaposnit:
846 1758 963 1829 ‘sedet
984 1773 1242 1843 aeternumque
1270 1770 1415 1831 sedebit

543 1874 681 1932 Infelix
702 1860 882 1932 Theseus’
897 1889 1009 1944 semper
1023 1875 1105 1930 nocet
1121 1873 1191 1930 utile
1206 1873 1339 1945 longum:

543 1975 667 2033 Prandia
682 1974 766 2047 longa
781 1976 893 2044 nocent,
909 1973 1016 2032 ieiunia
1030 1974 1116 2046 longa
1128 1973 1261 2046 fatigant.

545 2077 591 2135 Sic
604 2076 721 2134 nimium
736 2092 835 2148 sapere
851 2075 972 2134 stultum
988 2075 1066 2132 lacit.
1086 2065 1227 2144 ‘improba
1244 2077 1333 2144 secta,

548 2177 595 2235 lle
611 2178 664 2235 dea
677 2176 718 2235 sic
734 2176 840 2248 docuit,
856 2177 1035 2235 moderamen
1051 2175 1172 2234 amabile
1187 2160 1280 2234 dirit'.

487 2278 527 2337 65
551 2280 605 2337 Sed
618 2281 651 2337 tu
666 2295 716 2337 nec
731 2281 836 2338 sectam
852 2279 933 2338 modo
949 2295 1000 2336 neo
1014 2277 1207 2335 moderamina
1221 2294 1311 2335 curas.

549 2381 630 2439 lions
645 2383 739 2440 autem
754 2380 869 2439 stabilis
883 2380 962 2439 nullo
976 2380 1153 2452 peruertitur
1167 2381 1250 2465 aestu

548 2484 669 2556 Ipsaque
684 2482 851 2555 simplicitas
866 2499 1019 2554 numquam
1040 2482 1115 2540 mala
1130 2481 1240 2553 cogitat
1255 2479 1322 2538 nlla

548 2584 624 2643 Hinc
638 2584 747 2642 sincera
761 2584 831 2642 fides
846 2586 962 2642 aeterna
977 2585 1044 2641 sade
1059 2583 1179 2655 fruetur,

548 2687 586 2744 Et
601 2687 681 2745 dolus
696 2702 712 2743 e
728 2688 826 2745 contra
837 2686 922 2759 longo
938 2684 1111 2744 cruciabitur
1125 2685 1195 2757 igni.

485 2790 526 2847 70
546 2789 629 2862 Elige
644 2790 711 2861 quid
726 2789 809 2860 uelis,
824 2791 857 2847 ut
872 2790 959 2861 digna
973 2788 1087 2860 piacula
1100 2788 1184 2846 uites.

550 2889 595 2948 Sic
609 2891 703 2948 umen
718 2890 791 2947 hanc
805 2889 918 2948 neniam
933 2891 1074 2948 mereatur
1088 2888 1210 2946 creditor
1224 2887 1347 2960 inquam.

547 2987 590 3052 Vt
604 2992 668 3051 lene
683 2992 787 3052 crimen
802 2992 866 3064 erit,
882 2991 907 3051 si
922 2991 997 3050 nolis
1012 3008 1125 3051 noscere
1138 3009 1220 3050 uera:

548 3096 614 3152 Non
628 3094 690 3153 leue
705 3094 809 3153 crimen
825 3095 890 3164 erit,
906 3095 930 3152 si
946 3092 1061 3166 cognita
1075 3109 1143 3150 nere
1157 3091 1312 3165 relinquas.

551 3197 606 3254 Sed
620 3198 650 3254 te
664 3197 819 3254 correctum
835 3196 932 3254 forsan
947 3197 1059 3253 matura
1073 3196 1204 3252 senectus

488 3299 529 3357 75
550 3300 585 3357 ln
599 3297 701 3356 melius
716 3299 829 3356 reuocat
843 3297 981 3356 satiatum
996 3295 1138 3354 erroribus
1153 3295 1231 3352 istis:

552 3511 587 3565 60
603 3511 737 3580 Vergilius
752 3509 817 3563 Aen.
834 3509 873 3563 VI
891 3509 951 3563 617.

431 3715 466 3769 47
484 3729 501 3767 a
518 3728 551 3767 cc
568 3713 601 3767 ad
619 3713 649 3767 F
662 3729 696 3766 m.
714 3715 732 3768 2
799 3712 935 3766 distento
1001 3713 1037 3766 48
1054 3712 1248 3782 phylosophum
1265 3728 1334 3768 corr.
1352 3714 1383 3767 ἐπ
1399 3716 1479 3782 teque

367 3801 479 3870 sophum
496 3798 527 3851 F
541 3815 575 3852 m.
592 3801 613 3853 2
702 3799 736 3852 49
754 3800 902 3851 sternacem
918 3797 953 3851 Η
1040 3799 1080 3851 ira
1097 3799 1162 3862 ΓΗ,
1181 3814 1277 3852 aurae
1366 3799 1401 3852 50
1416 3814 1477 3868 sup.

366 3888 466 3954 totuaq.
485 3901 536 3940 aer.
554 3885 593 3938 sio
609 3885 688 3953 plane
704 3883 734 3937 F
749 3900 782 3938 ns
801 3887 819 3939 2
922 3882 1007 3936 aberis
1023 3884 1072 3950 F¹,
1090 3883 1195 3937 aberres
1211 3883 1276 3949 sort.
1377 3885 1414 3940 ol
1431 3900 1478 3939 an·

366 3971 421 4026 iret
436 3971 472 4026 H
587 3970 621 4023 55
637 3967 765 4038 gelidum]
783 3968 904 4037 tepidum
920 3969 959 4032 H,
977 3968 1105 4037 tepudum
1123 3969 1153 4021 F
1268 3970 1303 4023 58
1319 3970 1420 4039 requies
1437 3972 1479 4024 est

367 4074 402 4113 ex
418 4055 551 4125 requiesse
568 4055 599 4109 F
611 4071 646 4108 aa
664 4057 684 4107 2
853 4054 888 4108 66
906 4052 1009 4108 sedebit
1025 4054 1066 4118 F;
1088 4055 1195 4121 reliqua
1217 4054 1315 4110 dcem
1339 4057 1371 4109 aia
1386 4054 1446 4110 FB

368 4145 401 4198 71
419 4141 537 4212 inquam]
556 4156 699 4210 numquam
717 4139 782 4205 sort.
