3720 4920
400 313 463 373 200
871 301 1058 372 Appendix.

400 463 531 524 doctores
548 463 708 537 accepimus
722 460 828 532 cuncti,
843 460 894 521 sed
908 476 962 536 ego
976 461 1115 520 aduerms
1130 475 1180 518 eos
1195 459 1336 519 contendo
1350 457 1400 533 qui
1415 455 1531 529 cupien-

401 569 446 625 tes
468 567 504 624 ad
520 566 596 624 mala
610 582 663 624 sua
676 565 814 623 bonorum
835 562 972 621 historias
987 562 1144 636 deprauare
1170 561 1263 635 legem
1292 560 1350 618 sibi
1375 558 1531 619 aestimant

402 668 565 740 suffrageri,
581 667 656 725 sicut
670 681 769 724 omnes
783 664 833 739 qui
850 663 943 738 perire
957 663 1106 733 festinant,
1121 666 1154 720 ut
1168 664 1222 721 sub
1237 662 1357 722 obtentu
1369 663 1532 720 sanctorum

402 769 541 828 dedecora
556 785 609 826 sua
623 765 715 825 uelint
730 782 794 826 asso
808 765 919 838 colata,
942 766 975 822 ut
989 764 1044 823 sub
1058 763 1220 824 imitatione
1234 764 1374 822 maiorum
1390 758 1534 821 contraria

403 887 531 944 quaeque
562 870 756 929 committant:
794 885 866 944 quos
895 868 1003 928 Paulus
1029 867 1178 942 apostolus
1207 866 1302 940 prodit
1338 867 1368 923 et
1404 861 1552 938 publicata

399 972 514 1031 dicens:
537 971 629 1045 quod
651 975 772 1030 autem
792 971 904 1042 tacio,
927 973 961 1028 et
983 968 1153 1029 facturus
1175 985 1264 1038 sum,
1293 969 1332 1026 ut
1353 966 1533 1038 amputem

399 1074 624 1134 occasionem
671 1089 793 1133 eorum
833 1072 893 1147 qui
933 1071 1066 1131 uolunt
1108 1071 1360 1140 occasionem,
1415 1069 1454 1127 ut
1496 1067 1533 1126 in

400 1192 439 1234 oo
475 1176 512 1234 iu
549 1192 615 1248 quo
651 1176 868 1249 gloriantur
903 1172 1001 1233 tales
1038 1172 1280 1231 inueniuntur
1308 1171 1437 1245 quales
1468 1186 1533 1230 nos

399 1295 531 1336 sumus.
572 1295 649 1336 nam
685 1276 865 1336 eiusmodi
901 1275 1208 1349 pseudoapostoli
1244 1276 1330 1332 sunt
1365 1271 1534 1347 operarii

399 1379 536 1448 dolosi,
570 1377 893 1451 transfigurantes
926 1393 963 1435 se
997 1377 1036 1435 in
1069 1374 1260 1450 apostolos
1292 1375 1442 1434 christi.
1480 1375 1568 1437 hecto

401 1480 511 1539 addunt
541 1479 579 1538 ad
600 1481 769 1553 perditionis
790 1478 934 1539 cumulum
964 1477 1174 1549 cumulandum,
1203 1481 1236 1536 ut
1265 1478 1354 1537 bonos
1383 1477 1534 1550 infament,

400 1598 519 1653 quorum
549 1582 678 1654 exemplo
707 1584 826 1639 utuntur
855 1581 891 1640 ad
920 1579 1036 1651 malum,
1059 1580 1164 1652 quibus
1193 1578 1265 1638 utile
1296 1581 1372 1638 esset
1402 1579 1474 1638 satis
1503 1582 1534 1639 et

400 1684 524 1754 salubre,
552 1682 579 1741 si
604 1685 804 1756 cuiuscumque
824 1682 962 1742 historiae
977 1698 1009 1740 se
1025 1682 1103 1755 ipsos
1126 1681 1218 1754 magis
1243 1681 1393 1739 crederent
1407 1697 1465 1740 non
1487 1679 1532 1739 in·

400 1785 547 1845 tellonisse
561 1785 712 1856 rationem,
739 1802 824 1858 quam
850 1784 958 1858 aliquid
982 1785 1163 1843 inhonestum
1179 1783 1390 1842 arbitrarentur
1406 1783 1436 1841 iu
1457 1784 1531 1858 lego.

399 1902 470 1959 quos
486 1887 593 1944 Paulus
615 1886 762 1959 apostolus
790 1885 940 1944 contundit
954 1889 984 1943 et
1009 1885 1129 1959 corripit
1151 1886 1265 1944 dicens:
1289 1903 1358 1944 non
1381 1886 1569 1947 intelle-rs

402 1990 534 2060 gentes
556 2003 671 2061 neque
693 1988 736 2044 de
759 1986 891 2060 quibus
914 1987 1044 2045 dicunt
1081 2003 1200 2060 nequa
1234 1987 1275 2046 de
1308 1988 1443 2061 quibus
1475 1990 1533 2048 ad·

398 2090 560 2149 firmant.
595 2091 759 2149 etiterum:
783 2089 815 2148 si
837 2089 921 2161 quis
943 2092 1051 2162 putat
1074 2105 1110 2147 se
1134 2089 1230 2149 scira
1258 2090 1422 2162 aliquid,
1455 2105 1533 2150 neo·

400 2193 670 2265 dumcognouit
692 2190 1079 2264 quemadmodumeum
1101 2193 1278 2265 oporteat
1300 2192 1405 2251 sciro.
1429 2195 1535 2253 uacant

398 2293 498 2364 itaque
524 2293 699 2364 praeiudicia
713 2291 905 2366 petulantium
926 2308 997 2364 quos
1013 2292 1127 2365 ingenia
1143 2309 1212 2350 suae
1236 2292 1437 2364 peruersitatis
1453 2310 1531 2352 erre·

402 2393 498 2453 bunda
523 2396 715 2453 transducunt
741 2396 771 2453 et
796 2395 939 2468 quaerunt
964 2395 1147 2467 conpetentes
1174 2393 1234 2452 suis
1250 2393 1383 2453 sensibus
1397 2394 1569 2458 historiesso

401 2512 474 2567 quas
489 2499 648 2569 exponant,
672 2496 722 2567 qui
738 2495 811 2554 mals
827 2497 945 2568 agentes
959 2498 1128 2554 mutuantur
1143 2495 1251 2568 legalia
1265 2496 1433 2568 patrocinia.
1461 2499 1533 2557 bene

399 2597 552 2671 agentibus
579 2614 646 2656 uero
662 2598 736 2656 bona
761 2599 829 2655 sunt
843 2595 938 2655 omnia
960 2612 1153 2669 quaecumque
1169 2597 1278 2670 scripta
1293 2600 1370 2668 sunt,
1397 2599 1447 2670 qui
1462 2598 1533 2658 bone

400 2699 478 2757 dieta
492 2702 564 2758 bene
580 2700 750 2771 suscipiunt,
766 2700 841 2758 siout
852 2699 960 2756 Paulus
975 2698 1123 2772 apostolus
1138 2698 1308 2770 pollicetur:
1325 2700 1471 2770 scimus,
1487 2700 1532 2758 in-

399 2799 474 2874 quit,
489 2801 658 2873 quoniam
680 2801 774 2859 bona
795 2803 852 2859 est
873 2800 941 2871 lex,
964 2800 1093 2874 siquis
1115 2816 1190 2858 eanr
1205 2800 1380 2874 legitima
1395 2803 1531 2862 utatur.

348 2903 390 2962 24
442 2902 625 2974 Optinuimus
633 2901 829 2961 contundendo
837 2901 1070 2960 contradictores.
1083 2902 1275 2959 conuertimus
1287 2901 1408 2960 subinde
1419 2904 1532 2962 eosdem
1541 2927 1568 2968 sc

397 3020 468 3075 quos
484 3002 606 3062 uicimus
622 3003 739 3076 iusuper
754 3002 877 3073 erudire,
904 3020 939 3061 ne
965 3006 1016 3061 aut
1030 3005 1146 3062 sanctos
1171 3002 1315 3076 patiamur
1338 3019 1485 3062 remanere
1501 3003 1532 3062 in

466 3217 529 3270 611
548 3218 606 3271 Cor.
626 3220 666 3279 ll,
690 3218 730 3271 12.
751 3218 790 3271 13.
927 3216 1078 3270 151Tim.
1098 3218 1124 3282 1,
1144 3218 1167 3270 7.
1301 3218 1365 3271 171
1384 3217 1443 3274 Cor.
1462 3220 1487 3282 Β,
1503 3219 1531 3273 2.

396 3303 431 3356 23
451 3303 466 3356 l
484 3302 553 3356 Tim.
573 3303 598 3367 1,
617 3303 644 3357 8.

468 3488 549 3542 lsed
567 3504 616 3556 ego
640 3490 668 3554 G,
687 3490 766 3542 sedo
887 3488 1015 3542 aduersus
1033 3506 1078 3545 eos
1101 3490 1160 3544 Os.
1179 3492 1196 3543 ι.
1215 3494 1288 3544 m.2
1408 3491 1531 3560 blegem

397 3572 475 3628 dciv
562 3573 628 3626 3ut
651 3576 692 3638 θ’,
711 3578 739 3628 ot
760 3576 812 3631 Οὐ
901 3575 1068 3631 4uoiunto
1160 3579 1192 3629 ut
1210 3592 1244 3630 cx
1261 3577 1334 3632 etc
1425 3577 1532 3631 boom-

397 3659 486 3711 mittit
508 3660 541 3714 θ’
657 3660 795 3728 apostolus
814 3661 944 3728 pauluso
1057 3661 1285 3730 SgloriamurC
1387 3679 1436 3716 nos
1458 3664 1487 3727 G,
1506 3666 1533 3717 et

400 3760 481 3797 uoso
562 3744 579 3796 9
597 3744 728 3798 eiusmodi
752 3746 782 3808 C,
801 3748 828 3797 ct
841 3744 993 3798 huiusmodi
1012 3761 1029 3799 o
1099 3748 1131 3799 11
1150 3747 1286 3800 cumulum
1305 3746 1465 3816 perditionis
1483 3765 1500 3802 o

400 3831 432 3881 12
451 3827 529 3881 utilis
552 3828 585 3883 0¹
711 3831 746 3883 15
764 3828 903 3898 apostolus
920 3845 946 3898 p.
965 3830 1078 3900 corripit
1096 3833 1124 3883 et
1142 3830 1283 3884 confundit
1299 3849 1317 3886 e
1451 3833 1485 3886 16
1501 3832 1535 3887 de

391 3913 496 3980 >quibus
515 3913 609 3966 dicunt
631 3915 660 3977 0,
679 3930 747 3983 quae
766 3915 913 3983 loquuntur
929 3931 946 3968 o
1076 3915 1110 3968 21
1131 3918 1259 3968 mutuant
1276 3933 1294 3970 o
1419 3917 1454 3970 22
1472 3932 1533 3971 uero

397 4013 483 4052 omo
621 3999 725 4066 qui-G
860 3998 895 4051 23
911 3998 987 4052 dicta
1005 4015 1040 4052 eo:
1058 3998 1123 4052 data
1145 3997 1169 4054 G
1304 4001 1397 4070 inquit
1413 4017 1500 4056 orn.o

397 4083 434 4139 24
453 4099 512 4137 eanr
533 4083 576 4146 0¹,
594 4099 625 4136 aa
647 4084 699 4140 Οὐ
802 4076 838 4138 25
855 4086 1038 4139 conuertimus
1060 4086 1089 4148 0,
1109 4087 1328 4141 conuertamuro
1431 4087 1467 4141 26
1486 4087 1535 4142 aut

400 4183 434 4221 ex
453 4172 485 4220 ut
507 4169 536 4234 O,
555 4171 603 4222 aut
621 4171 686 4223 uto
789 4185 923 4224 remanere
941 4172 1077 4240 patiamur
1093 4189 1111 4226 o
