3720 4920
494 366 542 420 De
559 362 813 435 singularitate
830 359 1034 415 elericorum
1052 375 1074 414 c.
1094 357 1172 415 7-8.
1338 358 1397 426 181

265 524 418 585 confitetur
432 539 490 582 non
505 525 574 581 ante
590 537 686 582 omnes
701 518 880 594 imploderit,
902 533 938 577 ns
961 516 1161 577 christianitas
1183 517 1315 576 credatur
1337 532 1399 577 esse

265 624 384 686 fallacie
398 627 428 684 et
444 624 603 686 moechatio
620 624 751 684 uideatur
775 619 941 682 sanctitatis
961 620 1124 680 uelamento
1139 619 1257 680 uestita.
1283 621 1401 695 propter

265 728 342 803 quod
356 728 496 787 Dominus
511 729 542 786 iu
562 727 712 802 suangeho
733 726 775 784 sic
797 724 963 798 praemonet
983 723 1096 782 dicens:
1127 723 1181 782 sic
1202 722 1328 782 luceat
1350 723 1402 781 lu·

266 845 348 888 man
381 831 549 888 uestrum
587 844 703 888 ceram
739 825 971 897 hominibus,
1008 826 1047 883 ut
1080 824 1256 883 uidentes
1292 839 1402 897 opera

242 933 396 998 suestra
417 927 511 990 hond
540 928 785 1004 magnificant
817 929 962 1003 patrem
991 929 1156 986 uestrum
1183 925 1303 999 quiin
1326 941 1402 984 cae·

264 1033 315 1092 lis
336 1036 402 1092 ost.
424 1033 478 1093 hoc
492 1033 622 1107 sequitur
636 1032 667 1092 et
679 1031 788 1091 Paulus
802 1028 951 1103 apostolus
966 1028 1080 1088 dicens:
1104 1045 1174 1088 non
1196 1045 1284 1103 ergo
1302 1026 1402 1086 blas·

264 1136 462 1210 phemetur
495 1135 623 1194 bonum
645 1136 814 1193 uestrum.
837 1135 868 1192 st
895 1131 1014 1192 iterum:
1044 1130 1290 1206 procidentes
1312 1145 1404 1203 quae

265 1239 473 1297 bonasunt
507 1254 575 1297 non
610 1238 752 1294 tantum
785 1251 906 1294 coram
939 1233 1030 1306 Deo,
1064 1233 1127 1293 sed
1155 1233 1266 1293 etiam
1288 1250 1405 1295 coram

267 1339 493 1399 hominibus.
516 1338 619 1397 etalio
648 1338 726 1397 loco:
761 1337 845 1395 siue
872 1352 960 1409 ergo
982 1334 1217 1394 manducatis
1245 1336 1325 1396 siue
1352 1337 1404 1396 bi·

234 1442 362 1503 echitis
384 1442 463 1500 siue
492 1440 638 1513 aliquid
671 1438 819 1509 tacitis,
854 1437 974 1497 omnia
1009 1437 1047 1494 in
1075 1437 1232 1511 gloriam
1260 1438 1326 1497 Dei
1353 1438 1405 1498 ia-

268 1543 344 1604 cite
366 1547 405 1602 et
427 1545 552 1602 estote
576 1541 654 1601 sine
677 1541 856 1600 scandalo
872 1539 1028 1598 Iudaeis
1056 1542 1092 1598 et
1114 1538 1272 1598 Graecis
1296 1541 1331 1597 et
1353 1557 1405 1600 ec·

268 1643 410 1704 clasiae
432 1643 514 1714 Dei,
538 1643 639 1703 sicut
661 1647 696 1702 et
717 1659 782 1716 ogo
805 1658 869 1716 per
891 1642 1012 1702 omnia
1035 1642 1203 1701 omnibus
1225 1641 1364 1715 placeo.

314 1747 369 1806 Sed
384 1745 537 1819 opponitur
552 1745 690 1816 forsitan,
714 1744 782 1818 quid
798 1746 843 1805 est
858 1745 934 1818 quod
948 1743 1011 1818 ipse
1028 1743 1132 1803 iterum
1149 1744 1269 1804 dixerit:
1291 1744 1324 1803 ei
1346 1743 1435 1804 ho·8

267 1847 430 1907 minibus
466 1848 616 1921 placere
645 1847 795 1918 uellam,
830 1846 976 1907 Christi
1009 1863 1139 1906 seruus
1172 1865 1240 1907 non
1263 1850 1406 1907 essem?

233 1978 260 2015 ιι
271 1968 428 2025 numquam
443 1967 474 2009 se
495 1965 691 2023 quascumque
712 1949 790 2008 dicta
809 1949 885 2022 legis
900 1950 1071 2020 excludunt,
1100 1949 1152 2008 scd
1173 1947 1260 2008 certis
1275 1948 1346 2008 locis
1360 1964 1407 2007 re-

271 2069 379 2127 sponsa
399 2052 536 2110 uniuersa
557 2050 650 2110 defixa
672 2052 748 2109 sunt.
776 2048 837 2109 illic
859 2049 972 2122 placere
994 2049 1160 2110 hominibus
1176 2050 1332 2124 nonlicet,
1359 2049 1408 2110 ubi

272 2155 407 2214 uoluntas
427 2154 575 2212 hominum
596 2170 654 2212 non
674 2152 751 2224 capit
765 2150 879 2209 Domini
895 2149 1089 2211 uoluntatem:
1107 2152 1157 2211 ubi
1173 2169 1242 2211 uero
1257 2156 1409 2226 acceptant

271 2255 402 2316 homines
418 2256 494 2327 quod
508 2255 545 2313 ad
559 2253 681 2328 gloriam
695 2252 808 2326 proficit
822 2252 885 2325 Dei,
907 2252 1086 2312 innotescere
1102 2253 1233 2313 omnibus
1254 2253 1315 2329 ipse
1330 2256 1408 2315 Peu-

271 2359 319 2418 lus
339 2357 488 2431 apostolus
509 2356 663 2430 praecepit.
696 2357 974 2431 unusquisque,
999 2355 1110 2428 inquit,
1134 2358 1301 2416 nostrum
1327 2374 1409 2431 pro·

237 2459 366 2522 mxime
396 2475 459 2517 suo
493 2459 644 2532 placcat
671 2457 714 2516 ad
746 2457 873 2516 bonam
907 2455 1232 2516 aedificationem.
1268 2461 1409 2530 quatenus

271 2577 340 2635 ergo
364 2559 522 2633 praemium
537 2558 701 2618 sanctitatis
727 2560 895 2632 exspectat,
924 2558 974 2633 qai
996 2576 1053 2618 non
1080 2559 1174 2618 solum
1200 2558 1409 2632 blasphemiam

272 2662 439 2722 sanctitatis
460 2663 497 2720 ab
519 2661 684 2721 infidelibus
704 2663 856 2734 prouocat,
885 2661 936 2720 scd
958 2660 1046 2722 etiam
1068 2659 1202 2719 fidelibus
1217 2658 1409 2735 perniciosum

271 2764 391 2837 praebet
402 2763 568 2836 exemplar?
585 2766 618 2822 ut
630 2762 736 2822 infirmi
746 2764 801 2821 sub
816 2765 965 2836 praetexto
980 2762 1144 2822 dilectionis
1156 2761 1304 2822 subtiliter
1319 2761 1409 2822 forni-

273 2868 376 2925 centur
391 2870 421 2925 ot
435 2866 558 2939 pudicus
573 2864 789 2939 impudicissime
815 2865 960 2924 castitatis
986 2865 1124 2938 praebeat
1144 2863 1342 2937 magisterium
1357 2863 1408 2924 ds·

240 2970 392 3032 ,astruens
407 2968 482 3041 quod
497 2968 607 3026 Paulus
629 2968 776 3046 apostolus
798 2967 1004 3026 comminatur:
1034 2965 1168 3039 periit,
1197 2967 1308 3040 inquit,
1336 2964 1410 3026 fra·

273 3075 334 3130 ter
356 3071 534 3131 infirmus
562 3072 599 3130 in
621 3075 685 3131 tua
707 3071 888 3142 scientia,
918 3071 1072 3143 propter
1101 3087 1205 3143 quem
1235 3069 1410 3130 Christus

274 3190 408 3246 passus
431 3176 508 3232 esti
534 3173 591 3232 sic
612 3176 732 3232 autem
760 3173 960 3245 peccantes
989 3171 1025 3230 in
1055 3171 1197 3229 fratres
1226 3172 1263 3230 et
1283 3188 1410 3245 percu·

344 3369 480 3423 theeth.
498 3370 524 3431 5,
544 3371 586 3422 16.
764 3369 780 3421 6
798 3369 874 3422 Rom.
894 3369 936 3430 14,
956 3368 999 3423 16.
1180 3370 1290 3423 litem.
1310 3370 1351 3432 12,
1371 3369 1412 3422 17.

274 3457 292 3510 9
320 3455 334 3509 Ι
353 3453 410 3509 Cor.
431 3455 471 3519 10,
491 3454 533 3507 32.
741 3454 774 3508 13
798 3453 858 3508 Gal.
879 3455 903 3517 1,
923 3453 965 3507 10.
1175 3453 1208 3506 19
1231 3453 1308 3508 Rom.
1328 3453 1370 3518 15,
1387 3454 1411 3507 2.

275 3540 420 3596 251001.
439 3540 465 3603 8,
484 3541 525 3593 11.
547 3541 586 3594 12.

347 3726 507 3780 irrideatur
524 3741 611 3780 essee
715 3729 818 3795 lquae
835 3727 906 3780 bona
924 3731 990 3780 eunt
1005 3728 1035 3791 0,
1054 3727 1154 3782 bonav
1259 3724 1293 3779 10
1311 3723 1415 3794 aliquid

280 3812 322 3876 θ’,
342 3812 416 3866 aliud
435 3813 501 3880 quid
524 3813 576 3868 0¹0
678 3814 707 3866 in
729 3812 753 3868 O
767 3827 790 3866 e.
809 3813 826 3866 l.
844 3815 916 3865 Μ
1026 3813 1117 3881 gloria
1139 3811 1173 3868 θ’
1279 3810 1311 3864 11
1330 3811 1416 3864 estote

282 3899 336 3953 Ge.
349 3898 368 3953 1.
380 3901 448 3952 Μ
532 3903 561 3953 et
579 3900 655 3964 (ante
672 3897 746 3966 eccl.)
770 3898 825 3954 Oe.
838 3898 855 3951 1.
867 3900 935 3952 Μ
1016 3898 1049 3952 12
1068 3897 1193 3953 omnibus
1214 3896 1382 3952 datm

279 3984 313 4038 13
331 3984 472 4053 oppinitur
494 3984 529 4039 0¹
632 3983 757 4038 forseno
866 3983 900 4036 19
918 3999 1002 4053 usque
1019 3983 1141 4052 proximo
1159 3998 1207 4037 suc
1228 3980 1316 4037 (laed
1333 3994 1417 4048 usque

278 4086 342 4139 exp.
361 4075 387 4125 et
404 4085 451 4123 suo
469 4085 490 4124 a.
508 4070 524 4123 1.
543 4071 615 4124 Μ
712 4068 747 4122 20
764 4072 896 4138 quatenus
918 4070 961 4135 0¹,
980 4068 1060 4138 quale
1078 4068 1131 4123 Οὐ
1223 4066 1257 4120 22
1275 4065 1358 4119 etiam
1374 4065 1418 4119 in·

278 4156 445 4212 fidelibust'
564 4156 600 4210 23
617 4157 758 4225 praetextu
776 4155 828 4211 0²o
945 4155 980 4211 26
999 4156 1115 4210 scientia
1136 4153 1167 4220 O,
1185 4151 1385 4209 conscientiae

279 4241 572 4299 trecesimo
