3720 4920
398 311 462 372 202
876 305 1058 375 appendix.

398 480 428 520 m
437 463 514 522 isit.
531 463 574 523 sie
585 463 729 535 apostolos
743 463 898 523 comitatus
910 464 1062 523 mulierum
1076 464 1235 523 deducebat
1250 480 1306 523 non
1321 465 1354 520 ut
1368 463 1530 536 perderent,

399 566 449 624 sed
460 568 494 625 ut
505 566 648 625 discerent
655 567 856 639 reuerentiam,
869 569 899 627 et
909 569 1026 640 propter
1037 566 1225 626 humanitatis
1240 566 1430 625 exhibendum
1444 565 1530 625 mini-

399 669 519 729 sterium
535 671 737 743 sequebantur,
753 671 829 729 sicut
844 671 874 729 in
890 670 1039 744 euangelio
1054 671 1089 728 de
1103 669 1224 729 Domino
1239 672 1269 728 et
1283 669 1319 727 de
1334 668 1406 742 ipsis
1420 668 1531 745 pariter

399 774 587 831 memoratur:
614 775 649 832 et
675 774 812 832 factum
836 775 908 843 est,
942 773 1053 845 inquit,
1076 773 1269 845 posthaec
1298 775 1333 831 et
1355 772 1434 845 ipse
1457 772 1531 832 iter

399 872 565 932 faciebat
580 891 641 946 per
658 875 837 933 ciuitates
852 878 889 932 et
910 874 1073 933 castella
1088 872 1356 946 euangeliaans
1379 891 1553 946 regnnma

398 974 475 1047 Dei,
497 976 735 1036 etdnodecim
751 994 827 1036 cnm
844 975 967 1035 illoet
989 974 1165 1035 mulieres
1187 991 1277 1049 quae
1299 979 1405 1035 erant
1427 992 1529 1036 cura-

398 1081 457 1137 tas
480 1081 522 1139 ab
548 1078 752 1152 spiritibus
785 1078 985 1136 immundis
1007 1080 1042 1137 et
1068 1077 1374 1150 infirmitatibus,
1415 1077 1531 1137 Maria

399 1197 491 1253 quae
528 1183 680 1241 uocatur
715 1181 945 1255 Magdalene,
979 1181 1019 1239 de
1055 1196 1124 1254 qua
1160 1180 1351 1238 daemonia
1388 1183 1531 1253 septem

398 1282 578 1355 exierant,
602 1287 638 1341 et
658 1283 823 1343 lobanna
841 1299 930 1341 uxor
945 1282 1008 1341 Oai
1027 1280 1287 1355 procuratoris
1309 1282 1471 1341 Herodis
1493 1283 1530 1340 et

399 1385 564 1443 Susanna
586 1389 622 1443 et
643 1385 740 1444 aliae
762 1386 903 1444 multae
925 1402 1016 1457 qnae
1049 1388 1084 1443 et
1116 1382 1389 1442 ministrabant
1411 1383 1567 1443 illidere

400 1486 655 1545 facultatibus
677 1488 765 1547 suis.

348 1593 388 1651 26
441 1587 587 1659 Numquid
613 1586 807 1646 adhaerebant
828 1587 1026 1660 singularibus
1048 1586 1209 1659 singulares
1225 1589 1276 1647 aut
1300 1587 1531 1660 indisciplinatae

399 1688 630 1747 commorationis
653 1689 877 1761 perseuerabant
891 1688 1067 1748 inlecebroso
1082 1690 1224 1749 consortio
1238 1693 1455 1761 conuersantes,
1481 1689 1532 1748 nbi
1596 1724 1599 1730 ·

399 1792 462 1848 tota
483 1789 603 1849 aeclesia
623 1793 824 1863 propemodum
848 1790 979 1860 uidebat,
1009 1792 1042 1848 ut
1064 1807 1120 1848 non
1142 1790 1179 1848 ad
1193 1790 1404 1850 conuiuationes
1432 1792 1531 1864 inpro-

398 1890 485 1951 bosas
500 1891 550 1951 sed
563 1893 599 1950 ad
614 1891 750 1951 discenda
765 1893 856 1951 bonae
871 1891 1094 1951 conuersationis
1111 1893 1207 1950 studia
1222 1895 1427 1966 sequerentur?
1458 1893 1529 1953 adeo
1540 1910 1564 1949 ιι

398 2009 456 2051 non
483 1994 547 2051 inda
574 1993 746 2052 describitur
761 1995 835 2065 qnod
863 1995 968 2052 nostris
993 1993 1242 2052 conuiuationibus
1257 1997 1443 2067 coaequetur,
1473 2012 1531 2053 non

400 2093 486 2164 risus,
502 2111 558 2152 non
574 2095 652 2152 iocus
668 2094 774 2152 dicitur
788 2094 925 2152 adfuisse.
942 2111 994 2153 nec
1009 2094 1084 2152 sieut
1099 2095 1175 2166 apud
1198 2095 1334 2167 quosdam
1350 2111 1425 2154 nunc
1441 2111 1530 2167 usquo

398 2198 512 2256 adsela
537 2197 599 2255 fieri
624 2198 727 2256 chorus
753 2198 940 2271 psallentium
957 2198 1102 2270 uirginum
1127 2214 1211 2256 auras
1226 2199 1376 2256 uenenosis
1398 2198 1531 2257 cantibus

398 2297 540 2356 adseritur
555 2298 730 2358 demulsisse.
762 2302 792 2357 et
815 2303 848 2356 ut
870 2301 904 2357 de
920 2299 1058 2372 apostolis
1081 2298 1207 2356 breuiter
1231 2299 1363 2371 probem,
1393 2301 1532 2371 quantum

402 2400 462 2458 illis
478 2401 555 2460 fluxa
570 2400 752 2460 familiaritas
767 2401 862 2474 potnit
876 2400 1039 2473 displicere,
1055 2400 1104 2472 qui
1129 2399 1256 2473 conpulsi
1273 2403 1341 2457 sunt
1365 2403 1394 2458 et
1420 2401 1455 2460 de
1470 2401 1534 2473 ipso
1544 2420 1571 2460 ae

402 2499 525 2561 Domino
551 2501 686 2575 loquente
714 2520 777 2561 cum
803 2501 910 2560 femina
925 2503 1073 2571 dubitare,
1100 2502 1156 2559 nisi
1182 2519 1230 2560 eos
1255 2501 1416 2560 maiestatis
1431 2501 1536 2560 notitia

401 2605 523 2674 probata
537 2609 738 2676 conpesceret?
770 2606 845 2663 sicut
867 2605 1047 2677 euangelista
1069 2605 1158 2661 refert
1172 2605 1284 2663 dicens:
1316 2604 1415 2662 inter
1430 2605 1534 2675 baec,

401 2703 512 2776 inquit,
535 2705 908 2778 ueneruntdiscipuli
933 2706 1012 2763 eius
1038 2708 1073 2762 et
1098 2704 1329 2763 mirabantur
1350 2705 1535 2777 quodcum

399 2805 554 2864 muliere
570 2805 796 2878 loqueretur.
819 2805 1163 2865 nemotamendixit
1186 2805 1263 2863 illi:
1279 2805 1365 2877 quid
1381 2806 1535 2877 quaeris

400 2911 463 2965 aut
492 2908 576 2981 loqn
587 2909 662 2966 eris
690 2925 767 2966 cnm
796 2911 857 2966 ea?
889 2907 957 2980 quid
972 2912 1067 2965 autern
1082 2905 1184 2979 loquar
1198 2909 1346 2966 adcessum
1362 2907 1484 2965 feminae
1498 2907 1569 2965 adas

399 3011 487 3081 pedes
502 3010 614 3068 Domini
629 3009 814 3081 prouolutae,
842 3009 923 3067 cuius
947 3009 1043 3067 luctus
1068 3011 1097 3065 et
1123 3008 1255 3081 planctus
1281 3008 1317 3064 ad
1340 3008 1534 3066 defensionem

399 3110 535 3171 lasciuiae
551 3127 618 3171 suae
634 3128 689 3170 non
705 3113 880 3171 erubeseunt
895 3110 1008 3184 inprobi
1023 3111 1174 3183 flagitaret
1192 3129 1281 3185 usque
1297 3111 1366 3170 adeo
1382 3111 1449 3171 illos
1465 3127 1533 3182 pro·

401 3213 464 3283 pria
478 3215 601 3272 caecitas
617 3213 709 3285 rapit,
737 3217 770 3271 ut
784 3230 836 3272 nec
852 3213 886 3271 de
902 3213 1045 3271 similibus
1068 3213 1162 3270 causis
1178 3215 1302 3271 audeant
1315 3214 1467 3283 reluctari,
1498 3211 1533 3270 de

401 3314 507 3386 quibus
523 3315 662 3391 Salomon,
693 3314 925 3384 excaecaiiit,
956 3314 1060 3387 inquit,
1091 3331 1151 3372 eos
1174 3313 1319 3372 malitia
1349 3330 1469 3372 eorum
1499 3316 1533 3371 et

468 3493 568 3549 lune.
587 3496 612 3557 8,
631 3494 708 3548 1-3.
813 3495 903 3547 2210.
922 3495 947 3559 4,
966 3496 1009 3547 27.
1113 3494 1227 3563 2tlSap.
1247 3493 1272 3556 2,
1290 3494 1331 3547 21.
1351 3495 1391 3546 22.

469 3665 483 3717 1
504 3664 580 3716 misit
598 3679 640 3715 me
658 3680 674 3718 o
818 3662 956 3730 apostolus
976 3664 1009 3717 θ’
1159 3663 1301 3716 mulierum
1319 3662 1463 3714 comitatus
1481 3676 1497 3712 o

400 3749 671 3815 deducebstsertpsi,
691 3748 807 3801 ducebat
829 3747 1023 3811 acenteta
1127 3748 1196 3801 'fab
1219 3749 1249 3811 0,
1268 3762 1318 3800 ao
1421 3744 1534 3800 bonit)

399 3839 425 3887 et
441 3834 541 3901 reliqui
559 3831 644 3898 codd,
662 3833 795 3888 chuzaeo
929 3833 1025 3886 10i11i
1043 3832 1073 3890 C.
1092 3833 1151 3886 eie
1279 3831 1311 3883 12
1329 3832 1479 3900 singulares
1501 3830 1531 3893 G,

398 3918 556 3986 singulaee
660 3919 934 3972 incommemoratos
954 3918 1232 3981 &commorantes
1343 3919 1373 3971 14
1391 3917 1533 3970 uidebatur

399 4004 429 4069 0,
447 4004 584 4057 uidebitur
602 4020 618 4057 e
693 4005 861 4073 improbosas
880 4004 909 4068 0,
928 4005 1063 4073 improbas
1082 4021 1111 4067 υς
1129 4005 1164 4069 cs.
1182 4009 1244 4069 203,
1256 4009 1291 4057 13
1366 4005 1399 4058 15
1417 4004 1482 4057 adeo
1503 4002 1532 4066 0,

398 4088 492 4144 idaeo
567 4091 601 4143 16
619 4089 781 4146 scribituro
857 4090 889 4143 17
908 4106 991 4158 usque
1011 4091 1083 4145 (lm.
1102 4095 1121 4144 2
1138 4092 1170 4144 e'ee
1187 4107 1242 4143 ras.
1318 4091 1352 4143 25
1370 4094 1418 4143 aut
1439 4091 1467 4149 0,
1486 4090 1534 4140 aut

399 4173 491 4241 quido
560 4175 595 4228 29
608 4190 651 4227 eos
664 4176 874 4243 inquitOeoss.
887 4177 904 4228 i.
915 4179 979 4229 Μ
1048 4176 1282 4238 etneseieruntC‚
1296 4176 1500 4229 utnascirento
