3720 4920
403 324 455 373 m

403 459 538 543 quodam
549 459 702 546 magistro
713 478 750 525 ex
764 458 930 526 Veronensi
945 460 1112 542 exemplari
1123 461 1176 527 uei
1186 460 1254 526 eins
1265 477 1392 545 prorsus
1403 460 1538 546 gemello

403 571 490 636 totns
504 570 550 637 sio
565 571 748 638 emendatus
762 569 868 663 fuerit,
888 573 926 637 ut
939 571 1087 638 lectiones
1102 591 1197 655 supra
1210 573 1309 639 lineas
1324 571 1536 637 adsonbaran·

403 681 467 761 tur,
488 680 570 747 unde
590 682 683 748 modo
697 681 731 746 in
746 680 770 748 G
784 681 876 747 modo
890 681 924 746 in
937 681 976 762 B,
991 681 1115 765 saepius
1128 682 1162 747 in
1177 684 1346 765 uerumque
1359 681 1537 760 transirent,

404 793 550 875 equidem
566 793 673 858 nullus
689 791 808 857 dubito.
823 793 861 857 tn
873 811 946 858 uero
957 793 1037 858 hane
1051 794 1261 875 opinationem
1275 793 1343 858 siue
1356 791 1537 878 probareris

403 901 471 968 siue
485 901 638 983 trieteris,
659 901 694 967 id
709 901 857 968 ooneedas
871 920 994 969 neeesse
1007 903 1056 969 est
1070 904 1200 969 eandem
1214 903 1368 969 rationem
1383 903 1535 983 ontioam,

251 1033 306 1078 aru
317 1033 386 1078 aar·
403 1013 534 1079 eandem
556 1014 805 1080 oonieotnrarum
827 1014 1026 1099 farraginem,
1050 1015 1182 1081 eandem
1202 1014 1415 1098 interpolandi
1438 1013 1536 1079 auda·

237 1103 487 1218 maiam
506 1121 601 1206 atoue
615 1125 800 1190 Veronensis
820 1142 887 1191 essa
906 1124 1151 1191 demonstratum
1168 1125 1226 1204 est,
1247 1125 1279 1190 in
1294 1125 1354 1189 hoo
1367 1124 1449 1189 libro
1464 1142 1538 1190 eon-

403 1232 493 1318 spiei.
515 1252 590 1299 nam
605 1233 639 1299 et
651 1233 720 1317 ipso
741 1234 872 1301 obseura
895 1234 1082 1319 explanarit,
1105 1237 1251 1318 corrupta
1273 1236 1326 1301 nel
1347 1253 1426 1318 quae
1447 1234 1537 1300 uide-

402 1344 518 1410 bantur
541 1345 636 1430 longe
662 1365 682 1411 a
707 1346 842 1430 genuina
868 1347 1052 1412 mendomm
1077 1344 1180 1412 forma
1205 1345 1371 1411 deflectens
1396 1345 1537 1424 correxit,

401 1454 512 1520 siurim
526 1454 614 1520 dieta
625 1456 805 1538 perpoliuit,
827 1456 945 1521 rariora
959 1455 1143 1540 uulgaribns
1158 1455 1361 1540 permutauit,
1377 1454 1416 1521 ut
1428 1454 1537 1520 fallaci

328 1596 332 1604 ·
403 1565 505 1646 speeie
519 1564 642 1649 deeepti
656 1566 831 1649 permultae
845 1564 992 1632 lectiones
1002 1565 1076 1631 inde
1087 1565 1205 1647 petitas
1219 1565 1377 1630 mordiens
1392 1564 1537 1630 tenment

404 1675 548 1742 editores.
578 1693 641 1741 non
669 1676 782 1741 multis
812 1675 961 1758 exemplis
984 1675 1043 1741 hoo
1068 1675 1250 1742 confirmare
1275 1692 1353 1758 opas
1377 1676 1436 1754 est,
1465 1692 1539 1740 oum

259 1802 263 1809 “
403 1786 552 1852 lectiones
573 1785 822 1866 interpolationis
835 1786 917 1851 notis
931 1785 1084 1867 plurimae
1097 1785 1266 1869 insignitae
1279 1786 1354 1864 sint,
1377 1805 1404 1851 e.
1420 1804 1447 1851 o.
1461 1784 1539 1852 haee

403 1895 572 1979 ponantur:
594 1895 628 1960 in
650 1894 798 1976 loqeeedi
820 1896 915 1961 uerbo
936 1896 1018 1978 qnod
1041 1914 1114 1961 enm
1135 1896 1314 1961 aoonsatiuo
1337 1896 1539 1961 eoniunotnm

404 2005 528 2088 saepius
548 2007 657 2072 anoton
676 2003 841 2087 usurpauit
855 2005 945 2069 uelut
958 2005 1055 2084 255,ss
1067 2005 1201 2087 focinus
1209 2004 1325 2087 predio
1339 2006 1539 2072 conmissae

404 2119 472 2181 dem
498 2114 585 2197 ioqui
606 2115 803 2180 diiudicare
826 2133 892 2178 nore
911 2115 1028 2194 potuit,
1054 2134 1153 2194 quam
1173 2135 1229 2180 neo
1249 2115 1427 2200 inteliepere
1443 2116 1542 2197 prius

400 2227 507 2309 prode
524 2231 685 2304 etareere,
705 2224 825 2305 255,25
839 2225 883 2290 ad
897 2224 1086 2306 lopueedam
1105 2225 1252 2291 eliensem
1271 2226 1358 2292 οὸτοα
1372 2245 1405 2292 se
1418 2226 1540 2292 crimea

404 2339 539 2404 neodem
558 2337 669 2402 habuit
690 2340 833 2413 aetatem
854 2336 970 2414 398,21
991 2355 1057 2401 nore
1078 2335 1240 2417 loquimur
1252 2356 1374 2419 mappa
1387 2337 1441 2401 sed
1455 2336 1542 2401 uiui·

406 2466 488 2527 mua,
500 2447 618 2526 603,ἱὸ
630 2445 863 2515 ordinationem
872 2450 901 2511 et
911 2445 1066 2510 rationem
1076 2448 1125 2511 rei
1133 2450 1236 2530 posiae
1247 2446 1430 2528 loqueretar,
1444 2446 1541 2527 576‚'i

406 2577 479 2622 erim
499 2556 666 2622 eoritotesn
686 2557 773 2622 eirea
796 2575 844 2622 nse
864 2560 1003 2621 uestram
1025 2555 1161 2620 dulciter
1181 2575 1219 2621 ae
1240 2575 1333 2636 saepe
1355 2556 1542 2638 loqueretur,

405 2667 562 2750 postremo
573 2667 640 2730 loeo
650 2666 752 2731 haesit
763 2665 818 2730 ille
825 2665 859 2730 et
865 2665 988 2746 aeripsit
998 2683 1069 2729 mem
1077 2664 1115 2730 de
1122 2665 1255 2730 carimde
1266 2665 1352 2730 cirea
1362 2685 1412 2730 nse
1421 2668 1539 2751 aestro,

405 2776 491 2843 idem
512 2776 594 2859 qnod
608 2776 636 2840 P
650 2775 702 2860 (oi.
717 2795 747 2858 p.
762 2775 913 2859 XXXIII)
930 2778 962 2841 et
976 2776 1043 2858 ipse
1064 2776 1229 2841 meliorum
1248 2775 1419 2842 aoerrimua
1432 2775 1540 2840 deien-

405 2904 457 2952 aor
469 2888 503 2952 et
516 2886 630 2952 uindex
642 2905 674 2969 p.
687 2886 804 2964 603‚13
819 2885 963 2950 tentanit
978 2904 1198 2969 -pronomen
1213 2905 1291 2951 suas
1305 2885 1334 2950 si
1347 2886 1431 2952 idem
1446 2884 1490 2950 sit
1504 2903 1541 2951 ao

399 2996 556 3078 proprios
577 2996 785 3063 serenioribus
808 2994 930 3080 legibus
954 2995 1142 3061 adstrictum
1165 2996 1263 3060 nullis
1285 2995 1384 3059 teneri
1406 2996 1542 3076 optimo·

404 3125 477 3171 rum
497 3106 686 3189 scriptorum
706 3106 855 3188 exemplis
869 3106 991 3171 constat
1005 3106 1037 3170 et
1052 3107 1135 3188 apud
1150 3103 1342 3189 Cyprianum
1358 3104 1541 3188 saepissime

405 3215 541 3283 oeourrit
561 3214 616 3302 (of.
631 3215 789 3298 indidem).
813 3234 875 3281 non
894 3215 1048 3281 intactum
1069 3216 1200 3299 reliquit
1220 3216 1277 3281 illo
1297 3215 1415 3295 59821
1438 3214 1541 3280 catto

405 3326 486 3393 liene
508 3325 652 3392 welesioe
674 3344 787 3408 eorpus
808 3344 903 3391 saum
928 3324 1054 3411 (empus
1073 3345 1177 3391 anam
1191 3324 1225 3406 0,
1250 3345 1354 3391 anam
1375 3345 1489 3406 eorpus
1502 3325 1541 3406 R,

404 3457 518 3520 eorpus
527 3438 568 3522 P)
579 3438 720 3504 scindere
732 3459 769 3503 aa
780 3437 908 3503 laniare
921 3437 1082 3518 nitentior,
1099 3437 1218 3516 765,20
1232 3436 1387 3518 baptismo
1400 3435 1543 3502 ecciesia-

405 3551 482 3615 siieo
500 3548 652 3613 maiestas
671 3568 733 3614 saa
748 3547 831 3634 (eius
844 3548 887 3634 R)
903 3549 1101 3614 sesamoides
1115 3547 1295 3630 deropatur,
1317 3548 1437 3626 693,10
1450 3547 1544 3628 quode

405 3661 445 3727 in
463 3665 627 3743 eonspectae
646 3658 768 3727 Ctristi
788 3659 856 3727 eius
875 3659 1018 3726 ecciesiae
1037 3678 1114 3725 suae
1136 3658 1227 3743 (suae
1245 3657 1368 3724 omittit
1383 3656 1448 3743 CR)
1462 3678 1542 3740 pau·

405 3771 505 3837 dison.
521 3808 565 3819 -
579 3772 668 3837 eiius
682 3774 714 3837 et
729 3771 810 3836 aide
823 3771 996 3855 promiscue
1010 3770 1165 3836 habentur
1179 3771 1268 3835 uolut
1284 3768 1378 3851 lesa
1392 3769 1465 3850 puis
1478 3787 1544 3832 noro

406 3879 443 3944 id
457 3885 632 3946 exsecretur
645 3885 674 3947 ed
687 3881 796 3965 sapiat
810 3881 891 3962 qood
905 3879 967 3945 aiii
979 3879 1079 3963 faerit
1093 3879 1213 3945 exitio?
1234 3877 1307 3960 quis
1320 3877 1357 3942 id
1371 3879 1502 3960 adpetet
1516 3884 1545 3945 ed

408 3991 560 4057 adorem
581 3992 664 4074 qaod
678 3993 723 4058 ad
736 4011 840 4057 aecem
860 3992 994 4056 atterius
1009 4010 1073 4073 pro
1091 3974 1202 4075 plodio
1221 3990 1322 4074 fuerit
1336 3994 1364 4054 ei
1378 3989 1445 4056 teto.
1472 3990 1506 4055 in
1521 3988 1545 4056 (i

409 4102 485 4168 etR
506 4101 611 4168 odium
632 4104 793 4169 mantum
817 4105 865 4170 eet
884 4103 918 4168 in
939 4103 1075 4168 ditem
1097 4103 1214 4180 645,21
1240 4101 1345 4167 atium
1361 4121 1424 4183 pro
1445 4100 1544 4165 altero

408 4231 499 4278 reum
510 4213 592 4294 lieri.
616 4232 689 4279 sane
703 4231 836 4297 pronum
851 4216 918 4280 erat
931 4218 976 4278 sio
990 4213 1134 4297 seribere,
1151 4212 1262 4295 quial.
1280 4213 1322 4276 14
1336 4211 1545 4293 praecesserat
