3720 4920
871 316 996 372 Oratio
1013 316 1036 372 Ι.
1457 327 1519 391 145

380 445 515 552 qnoniam
529 476 585 536 tibi
599 475 741 536 flectimus
755 490 860 550 genna,
882 491 1037 535 sumemus
1054 474 1191 549 terciam,
1215 477 1261 538 oni
1274 477 1371 552 angeli
1396 477 1518 538 mehan-

379 579 439 654 geli
465 578 547 641 milia
571 579 684 640 milium
707 580 865 654 martyrum
892 578 997 638 ohorua
1030 577 1223 653 apostolorum
1255 583 1285 640 et
1314 580 1519 656 prophetarum

380 684 472 756 gloria
498 683 641 755 exultem,
668 680 834 743 uniames
861 696 931 741 anes
951 682 1054 741 landes
1079 685 1196 756 canunt,
1216 682 1333 757 linguae
1347 681 1523 745 confitentur

343 833 347 844 .
380 785 546 847 caelestium
573 783 754 844 terrestrim
774 786 805 842 et
825 783 1019 843 infernorum:
1047 784 1102 843 tibi
1122 800 1219 845 omnes
1244 801 1335 858 aquae
1350 785 1382 844 in
1396 785 1475 845 eaelo
1490 788 1521 844 et
1578 828 1580 831 -

359 890 437 950 esnb
451 888 531 951 caelo
547 886 735 961 confitentur,
761 888 791 947 te
806 884 992 946 insensibilia
1007 886 1152 948 sentiunt:
1175 889 1208 948 tu
1222 904 1254 948 es
1268 887 1348 949 solus
1362 888 1393 948 et
1406 889 1524 963 praeter

380 997 410 1053 ts
425 1009 517 1054 nemo.
534 993 564 1050 te
585 1007 769 1066 quaesumus,
791 988 912 1048 Domine
927 991 1012 1062 pater
1027 989 1218 1064 omnipotens,
1241 991 1292 1064 qni
1306 989 1362 1051 eoli
1375 989 1436 1049 filio
1451 1006 1524 1048 oon·

381 1093 549 1170 spectabilia
563 1107 611 1152 es:
627 1090 723 1166 angeli
738 1093 769 1150 et
782 1089 952 1164 archangeli
966 1093 1166 1166 obtemperant
1175 1091 1231 1150 tibi
1241 1090 1362 1152 Domina
1375 1092 1473 1166 pater:
1493 1095 1527 1158 te,
1546 1134 1549 1140 .

380 1213 506 1267 oramus,
527 1194 640 1254 tribuas
654 1193 737 1253 uobis
751 1196 876 1253 mentm
891 1193 1045 1272 integram,
1066 1193 1259 1254 innocentiam
1275 1211 1385 1268 puram,
1402 1193 1524 1253 sinceri·

381 1300 472 1359 mmm
487 1297 630 1370 danaum,
646 1294 851 1357 conscientiam
865 1298 995 1355 sanctam
1012 1295 1132 1372 [param]
1145 1295 1271 1355 sobriam
1287 1296 1406 1368 castam,
1422 1296 1524 1356 coutm

346 1419 372 1459 ro
381 1417 480 1461 omnes
506 1399 628 1458 insidias
654 1396 762 1458 saeculi
783 1397 911 1472 gloriosa
925 1396 982 1456 tide
1001 1398 1170 1471 degentem:
1193 1399 1294 1458 eontra
1307 1396 1415 1456 diaboli
1429 1395 1525 1456 miuus

381 1507 413 1564 et
434 1502 564 1562 carnales
593 1499 753 1561 inlecebras
768 1499 912 1559 munitum
927 1501 1029 1574 pectus
1045 1499 1196 1572 concedas,
1222 1515 1259 1559 ne
1269 1498 1396 1558 uiolenti
1411 1499 1441 1558 et
1456 1515 1524 1558 orn·

381 1603 443 1665 enti
462 1603 557 1665 hostis
580 1601 717 1662 letalibus
740 1600 853 1676 laqueis
874 1601 1066 1674 implicemur,
1092 1604 1127 1660 nt
1140 1601 1256 1675 signum
1271 1600 1375 1660 salutis
1389 1603 1526 1660 aeternae

381 1706 526 1766 incolume
542 1704 731 1779 perferamus.
747 1721 812 1764 arce
826 1720 845 1762 a
858 1702 944 1762 nobis
955 1719 1068 1762 omnem
1082 1703 1190 1762 saeculi
1203 1702 1342 1762 inluuiem
1357 1717 1525 1776 omnemque

382 1806 495 1867 diaboli
517 1805 743 1882 persuasionem.
765 1804 928 1880 laoneetur,
949 1804 1083 1863 concidat
1095 1806 1125 1864 et
1139 1806 1289 1879 separetur
1303 1806 1334 1863 et
1348 1806 1526 1877 amoneatnr,

347 1928 373 1968 us
382 1910 460 1971 mont
473 1909 588 1971 aSarra
598 1909 708 1969 famula
719 1910 771 1967 tua
780 1908 961 1967 Asmotlaens
975 1908 1097 1967 daemon
1111 1905 1305 1983 nequissimus
1319 1906 1465 1968 extinctus
1479 1909 1526 1968 eat

381 2030 433 2088 per
459 2011 594 2085 angelum
622 2012 703 2069 tunm
725 2012 856 2069 mamam
872 2011 955 2068 tuum
969 2008 1111 2083 Raphael.
1135 2012 1166 2068 et
1180 2007 1257 2068 mont
1269 2007 1375 2068 Tobiae
1390 2007 1527 2082 niniati,

382 2117 426 2176 ita
451 2114 525 2174 mihi
550 2116 654 2173 adesse
680 2111 820 2191 digneris.
843 2115 874 2171 et
898 2114 933 2172 nt
957 2111 1055 2171 tribus
1075 2110 1174 2184 pneris
1188 2110 1224 2170 iu·
1234 2111 1346 2172 camino
1360 2112 1391 2171 et
1404 2110 1526 2172 Daniele

383 2214 608 2277 misericordiam
621 2213 816 2288 praestitisti,
838 2213 881 2274 sio
895 2213 972 2273 cirea
985 2230 1039 2273 uos
1053 2212 1121 2272 tuos
1136 2212 1261 2272 famulos
1275 2212 1369 2272 iacere
1383 2211 1525 2286 digneris

384 2317 434 2391 qni
459 2319 589 2378 mortuos
615 2315 775 2388 suscitasti,
801 2331 902 2376 caesos
928 2314 1121 2387 inluminasti,
1148 2314 1244 2374 surdis
1268 2313 1409 2388 auditum,
1436 2314 1526 2374 mutis

350 2439 380 2481 ao
391 2419 546 2495 eloquium,
563 2418 673 2478 mulis
688 2433 829 2492 gressum,
844 2416 967 2490 leprosis
983 2417 1139 2476 sanitatem
1154 2415 1280 2475 dedisti:
1302 2415 1345 2475 ita
1359 2415 1397 2474 da
1410 2414 1529 2474 famulis

384 2522 454 2595 tuis,
478 2522 528 2595 qni
543 2521 574 2580 in
588 2524 618 2581 ta
632 2521 696 2580 tota
710 2520 820 2580 uirtute
843 2519 950 2579 mentis
965 2519 1109 2579 oredimus
1124 2520 1225 2578 natum
1238 2534 1355 2591 passum
1370 2518 1530 2577 uenturum

385 2622 512 2682 iudicare
532 2622 617 2681 uiuos
639 2624 670 2681 et
684 2624 823 2681 mertuos.
847 2620 959 2679 adsiste
973 2619 1069 2690 nobis,
1096 2619 1174 2679 sicut
1187 2618 1327 2693 apostolia
1340 2618 1373 2677 in
1387 2617 1531 2690 uinculis,

384 2725 489 2784 Teolae
508 2723 540 2783 in
564 2722 691 2797 ignibus,
718 2721 810 2782 Paulo
825 2721 856 2780 in
871 2721 1132 2795 persecutionibus,
1159 2721 1247 2781 Petro
1262 2720 1293 2780 in
1307 2718 1454 2781 fluctibus.
1478 2718 1531 2794 qui

385 2826 471 2886 sedes
485 2841 573 2899 snper
589 2826 701 2898 septem
722 2825 843 2884 thronos
858 2825 895 2882 ad
912 2822 1060 2884 dexteram
1074 2824 1178 2897 patris,
1199 2821 1312 2896 reepioe
1326 2838 1378 2882 nos
1393 2820 1534 2914 etlibera

453 3177 470 3228 1
489 3177 517 3229 et
535 3189 679 3229 sumamus
696 3173 761 3229 Ele
870 3174 889 3228 2
907 3173 1047 3228 miliorum
1065 3174 1115 3237 Et
1133 3188 1184 3228 ora
1203 3172 1229 3228 Τ
1338 3172 1433 3227 eborea
1451 3171 1494 3225 ΤΡ

384 3262 403 3317 3
420 3263 542 3318 exaltant
559 3261 619 3317 ΕΤ
702 3261 803 3316 munt
819 3258 950 3316 landen
1037 3261 1055 3316 5
1073 3259 1250 3315 insensabilis
1266 3258 1337 3319 ΕΤ·
1421 3259 1531 3329 praeter

384 3350 423 3419 te]
442 3347 507 3403 aad.
525 3362 555 3401 o:
574 3349 603 3401 et
620 3348 696 3401 extra
712 3349 741 3400 te
863 3347 881 3400 6
899 3345 952 3400 soli
969 3345 1039 3416 illio]
1056 3346 1126 3399 solio
1144 3345 1170 3401 Τ
1294 3342 1478 3413 conpetabilea
1498 3344 1531 3408 Τ,

385 3432 576 3502 conspicabilia
593 3448 611 3486 a
680 3431 696 3485 7
714 3432 752 3501 es]
771 3447 801 3485 ea
818 3430 896 3485 onina
912 3430 978 3485 Ele
1049 3430 1207 3501 archangeli
1224 3432 1253 3484 et
1269 3429 1362 3498 augeli
1378 3427 1452 3483 infra
1472 3428 1499 3483 Τ

386 3519 493 3573 domine
510 3517 598 3589 pater]
617 3532 665 3587 per
682 3531 762 3586 quern
782 3517 808 3570 Τ
880 3515 899 3570 8
916 3518 949 3570 ut
966 3515 1073 3570 tribuas
1091 3515 1156 3571 Ele
1224 3516 1349 3585 epotam
1360 3529 1411 3569 ora
1424 3512 1499 3569 ΕΙΤ

386 3605 421 3658 10
438 3602 588 3673 degentem]
609 3604 745 3657 serentem
766 3603 793 3657 Τ
877 3602 910 3654 11
930 3616 964 3655 ne
981 3617 1018 3656 ca
1034 3617 1084 3655 neo
1101 3601 1133 3655 E
1216 3601 1251 3655 12
1267 3599 1357 3654 bostis
1373 3615 1425 3654 ora
1447 3598 1499 3654 m

386 3686 545 3744 letabilibus
564 3686 623 3743 ΕΤ
735 3685 769 3740 13
786 3684 949 3741 ineolumem
967 3685 1004 3748 E,
1023 3685 1176 3741 incolumen
1195 3685 1222 3739 Τ
1340 3697 1402 3738 arce
1418 3681 1530 3749 scripsi,

384 3789 464 3844 paros
481 3773 563 3846 EIT,
581 3772 686 3843 pellea
831 3772 865 3826 14
881 3771 1034 3840 laqueetur]
1054 3771 1182 3840 loquetur
1201 3772 1228 3828 Τ
1368 3770 1475 3837 separet
1493 3767 1535 3831 Ie',

386 3860 431 3915 nel
449 3860 591 3927 superetur
608 3874 631 3912 e.
648 3857 667 3912 l.
686 3858 710 3921 1,
729 3860 870 3927 superetur
887 3874 918 3922 o;
937 3872 955 3911 a
971 3855 1051 3911 nobis
1068 3855 1135 3910 aaa
1152 3855 1212 3911 ΕΝ)
1350 3852 1385 3908 15
1402 3867 1498 3906 sarae

386 3945 464 4000 demo
483 3945 514 4008 Τ,
534 3942 690 3998 daemonius
708 3943 740 3997 Ε
815 3946 857 3997 eet
875 3959 927 3998 em.
947 3941 983 3996 Ie
1066 3943 1100 3997 16
1117 3940 1167 3997 ale.
1185 3943 1264 3995 tunm
1281 3956 1333 3995 ora
1351 3956 1375 3994 o.
1458 3936 1535 3992 rala-

386 4030 432 4085 bel
454 4031 480 4084 Τ
560 4031 593 4084 ll
611 4028 734 4084 daniheli
752 4028 788 4084 Io
869 4028 905 4082 18
922 4027 1041 4082 famulos
1059 4029 1122 4083 tuos
1140 4026 1206 4082 Ele
1292 4025 1327 4079 19
1344 4023 1439 4079 surdos
1458 4023 1495 4077 ΤΙ

387 4118 491 4170 mutuis
510 4117 547 4171 Τι
645 4113 680 4169 20
698 4114 807 4182 eloquia
824 4112 890 4167 EIo
989 4113 1031 4167 ita
1049 4118 1078 4167 et
1095 4115 1127 4168 lo
1226 4112 1261 4166 ‹la
1278 4113 1308 4165 et
1325 4110 1385 4165 Es.
1399 4109 1416 4163 t
1428 4111 1497 4164 Μ

387 4204 421 4257 21
441 4203 470 4257 in
488 4217 539 4258 coo.
560 4202 595 4257 Ie
699 4200 735 4256 24
752 4199 840 4255 libera
856 4199 959 4256 noeis

492 4311 532 4358 111
548 4311 571 4357 a
1284 4291 1325 4350 10
