3720 4920
403 790 455 853 lv.
483 791 536 851 AD
558 792 787 852 suessonum
808 791 858 850 EX
880 791 1112 850 crememus
1132 788 1336 849 RELIGIONE
1357 789 1411 849 Al>

551 908 748 1006 leonem
768 912 1010 972 senmurum
1031 910 1266 972 CONVERSVM.

536 1122 610 1205 Gen
625 1147 654 1205 te
669 1145 791 1205 diuersis
805 1145 909 1206 iterum
923 1145 1062 1219 nmisque
1076 1146 1201 1206 uiderem

534 1246 678 1305 Inseruire
693 1245 783 1306 sceris
797 1248 946 1321 priscoque
966 1263 1060 1307 errore
1075 1247 1176 1320 teneri,

535 1347 666 1421 Obstipui
681 1352 784 1408 motus.
800 1350 868 1423 quie
883 1349 1009 1408 earmina
1024 1366 1133 1424 semper
1147 1349 1263 1421 ernesti,

534 1448 664 1508 (termine
679 1451 853 1522 respondens
868 1450 1019 1524 propereui
1034 1450 1157 1510 scribere
1172 1466 1272 1508 uersus

494 1551 514 1609 5
534 1550 576 1609 Vt
589 1553 617 1608 te
632 1551 818 1623 corriperem:
835 1550 966 1610 tenebras
980 1567 1151 1624 praeponere
1167 1551 1223 1609 luci

536 1651 606 1721 Quis
621 1653 749 1725 patietur
763 1651 849 1724 enlm,
864 1654 893 1710 te
908 1655 1027 1711 metrem
1042 1653 1157 1712 eredere
1172 1669 1304 1726 magnum

535 1754 621 1812 Posse
636 1752 717 1812 deem
732 1752 790 1811 dici
804 1770 959 1826 rursusque
975 1756 1074 1826 putere
1089 1754 1245 1825 colendum,

536 1854 621 1912 (luins
635 1845 760 1914 cultores
775 1853 893 1913 infamia
907 1855 1001 1928 turpis
1016 1854 1126 1914 inurit?

536 1956 667 2030 Namque
683 1958 847 2015 secerdotes
862 1955 968 2016 tunicis
983 1957 1169 2017 muliebribus
1181 1959 1255 2016 idem

477 2059 517 2117 10
538 2057 664 2117 Interius
678 2056 781 2117 uitium
795 2058 874 2116 cultu
890 2057 1028 2117 exteriore
1043 2059 1181 2132 letentur,

541 2160 628 2231 quue
643 2160 730 2218 licere
744 2162 848 2233 putent
864 2160 938 2231 quod
951 2177 1007 2219 non
1023 2160 1105 2219 licet:
1121 2162 1196 2218 unde
1212 2177 1261 2233 per
1276 2160 1371 2217 urbem

538 2259 653 2318 Leniter
667 2262 801 2319 incedunt
815 2261 926 2320 mollite
940 2278 1008 2320 uoce
1022 2260 1182 2334 loquentes,

538 2363 727 2435 bossetosque
743 2365 842 2421 tenent
856 2366 971 2421 extenso
986 2363 1088 2435 pollice
1103 2364 1213 2421 lumbos

539 2463 578 2520 Et
587 2463 734 2536 proprium
748 2445 861 2522 mutant
875 2464 994 2536 uulgato
1010 2464 1127 2523 erimine
1143 2480 1249 2523 sexum.

474 2564 514 2622 15
537 2564 661 2637 Cumque
677 2582 743 2623 suos
758 2566 904 2625 celebrent
918 2565 1002 2636 ritus,
1018 2566 1063 2624 hle
1078 2583 1140 2625 esee
1155 2565 1254 2623 diebus

539 2666 573 2723 Se
589 2670 683 2724 castos
697 2670 869 2724 memorent:
886 2670 917 2724 et
931 2667 957 2724 si
972 2668 1166 2725 tantummodo
1180 2667 1248 2725 tune
1262 2669 1329 2724 sunt

539 2766 578 2823 Vt
591 2768 742 2839 perhibent
758 2767 839 2837 cesti,
855 2767 965 2840 relique
980 2767 1037 2825 iem
1051 2771 1177 2840 tempore
1190 2767 1258 2841 quid
1274 2771 1360 2825 sunt?

538 2868 592 2925 Sed
608 2869 675 2942 quie
688 2872 830 2942 coguntur
844 2868 941 2928 saltim
956 2870 1043 2928 semel
1060 2886 1123 2928 esse
1138 2869 1245 2943 pudici,

536 2969 631 3028 Mente
646 2969 779 3042 fremunt,
795 2970 923 3029 lecerunt
937 2988 1039 3044 corpus
1054 2972 1232 3044 funduntque
1246 2989 1383 3031 eruorem.

473 3073 515 3132 20
537 3071 625 3140 Quale
640 3089 751 3132 ssorum
767 3075 811 3131 est
825 3090 892 3132 uero
907 3073 982 3146 quod
996 3072 1086 3132 fertur
1100 3073 1212 3133 nomine
1227 3072 1367 3148 sanguis?

416 3404 553 3474 Incipiunt
570 3406 632 3474 (oet
650 3406 689 3474 F)
708 3421 800 3459 uersus
818 3406 904 3460 suncti
921 3406 1048 3475 Cypriani
1068 3407 1184 3476 episcopi
1202 3409 1231 3460 et
1248 3410 1374 3476 martyris
1386 3410 1467 3474 (elini-

348 3492 386 3544 stu'
402 3491 466 3545 add.
480 3492 525 3560 Η)
544 3492 578 3545 od
595 3492 727 3561 quendem
745 3493 891 3545 senatorem
910 3507 939 3544 ex
960 3491 1113 3547 Christiane
1130 3493 1259 3561 religione
1278 3493 1310 3546 ed
1337 3493 1466 3547 idolorum

348 3577 506 3629 seruitutem
524 3593 679 3630 conuersum
698 3577 763 3630 ΓΗ.
782 3606 816 3615 -
836 3579 851 3630 1
868 3578 997 3643 uenisque
1015 3577 1080 3641 FH,
1098 3578 1267 3645 ueriisqueo
1385 3579 1402 3630 3
1421 3577 1466 3630 ob

347 3662 439 3730 stupui
456 3661 497 3716 Ρ
581 3664 669 3716 motus
686 3662 751 3726 ΓΗ,
770 3662 888 3716 monitus
907 3662 1048 3715 Pometios
1127 3663 1145 3716 9
1162 3662 1259 3716 tonieIs
1278 3663 1311 3715 H
1388 3663 1466 3716 muli·

348 3746 437 3800 eribus
454 3747 490 3801 Η
583 3747 663 3817 idem}
682 3749 711 3802 id
729 3751 771 3801 est
788 3764 856 3801 corr.
876 3747 907 3800 F
920 3749 951 3801 in
968 3748 1055 3815 ipsum
1072 3749 1104 3801 ive
1121 3764 1203 3817 marq.
1303 3748 1336 3801 10
1353 3749 1467 3801 interius

348 3832 447 3885 uiiium
464 3833 495 3887 F
508 3834 539 3886 ie
555 3850 647 3903 murp„
666 3834 738 3887 inter
755 3834 892 3887 iusticiam
911 3833 942 3886 F
954 3834 987 3886 in
1006 3839 1084 3887 texto
1186 3833 1323 3901 exteriore]
1342 3834 1466 3886 iuteriore

349 3918 491 3972 Pometios
651 3919 683 3971 11
701 3919 792 3972 urbem
811 3918 873 3982 ΓΗ,
893 3918 981 3971 orbem
999 3936 1015 3972 o
1182 3918 1433 3987 1312psao0squev

347 4001 444 4069 pollice
460 4018 532 4058 cerr.
549 4003 581 4057 iu
596 4003 688 4071 podice
705 4002 735 4056 F
750 4021 784 4056 ot
802 4007 821 4059 2
924 4005 957 4058 15
974 4002 1112 4057 delebrsnt
1123 4003 1156 4057 Η
1257 4004 1289 4056 16
1306 4006 1336 4056 ut
1353 4019 1421 4056 corr.
1435 4005 1466 4056 iu-

348 4102 379 4140 no
396 4086 426 4140 F
440 4091 510 4143 nc2
612 4089 646 4143 18
662 4088 708 4143 sed
727 4105 788 4157 esp.
807 4088 837 4143 F
851 4095 877 4144 et
895 4105 966 4143 corr.
985 4092 1014 4142 nt
1032 4091 1062 4143 in
1078 4106 1162 4159 musy.
1266 4090 1360 4143 seltem
1381 4107 1403 4151 o,
1422 4089 1465 4141 sed

348 4172 400 4226 tim
417 4174 457 4240 Η,
478 4173 523 4229 sed
541 4174 571 4229 F
