3720 4920
421 416 486 481 276
894 417 1075 488 hppeudim

420 573 556 631 miserum
571 574 711 634 laborare.
737 577 774 633 ad
788 576 856 648 quid
872 576 1058 635 christianam
1084 576 1196 637 fidelem
1222 577 1347 637 animam
1369 581 1456 651 putas
1470 579 1547 637 iutra

421 692 563 734 carcerem
578 677 676 735 muudi
692 677 826 736 remorari
842 678 973 737 debuisse
988 679 1034 736 cui
1048 681 1127 737 totus
1150 680 1272 738 mundus
1287 659 1468 753 naufragium
1490 682 1545 739 est.

421 777 511 835 tantis
527 779 557 836 et
571 778 680 837 talibus
695 780 916 852 tempestatibus
938 781 1015 838 uitae
1043 782 1086 838 tot
1112 781 1345 853 impugnationes
1360 781 1476 852 diaboli,
1502 783 1547 840 tot

422 881 548 954 eorporis
562 881 649 952 holla,
665 886 710 942 tot
731 882 839 942 saeculi
854 884 949 942 clades
978 883 1030 959 [tot
1045 884 1234 959 calamitates]
1250 883 1353 943 euasit.
1368 888 1398 944 ot
1412 885 1546 943 lacrimas

422 983 537 1054 fundis,
565 985 649 1057 quasi
673 985 783 1044 nescias
802 986 869 1058 quid
885 986 914 1043 iu
940 989 968 1045 te
984 985 1045 1058 ipse
1070 986 1174 1046 cotidie
1196 987 1328 1060 patiaris.
1344 989 1461 1059 propter
1474 988 1570 1058 quode

422 1085 560 1145 Dominus
574 1089 617 1146 sic
632 1088 764 1147 Mmonet
776 1088 918 1161 apostolos
933 1105 1001 1147 suos
1031 1089 1143 1146 dicens:
1171 1087 1205 1148 si
1227 1107 1277 1146 mo
1299 1087 1548 1158 dilexissetis,

422 1190 655 1261 gauderetis,
678 1189 848 1263 quoniam
869 1191 957 1249 uado
980 1192 1020 1248 ad
1042 1194 1196 1263 patrem.
1224 1191 1308 1264 plane
1331 1193 1472 1248 mortuum
1493 1190 1549 1248 ha·

423 1308 518 1348 nanim
535 1292 626 1362 fleuit,
642 1293 762 1351 sednon
779 1293 838 1351 tuis
853 1293 989 1351 lacrimis.
1012 1293 1231 1353 resurrectionis
1246 1293 1401 1365 promissor
1425 1293 1549 1351 dolorem

423 1393 523 1452 docere
538 1412 594 1452 nou
610 1396 734 1466 poterat,
761 1412 796 1454 ue
811 1395 895 1454 iidem
910 1396 1059 1470 perfidiam
1080 1397 1190 1456 iaceret
1205 1413 1291 1469 quam
1314 1396 1441 1455 docebat.
1459 1394 1551 1452 doluit

421 1495 560 1552 Lanarum
574 1513 631 1554 non
646 1499 840 1568 dormientem,
857 1498 906 1554 sed
921 1498 1017 1571 potius
1039 1500 1246 1570 resurgentem,
1262 1499 1292 1554 et
1303 1498 1390 1554 llehat
1405 1512 1488 1570 quem
1502 1512 1549 1553 co·
1562 1520 1585 1558 m

423 1597 546 1669 gebatur
560 1600 676 1670 propter
697 1600 850 1658 saluaudos
875 1598 948 1658 alios
963 1599 1002 1674 [et
1017 1599 1229 1658 contundendos
1249 1597 1419 1672 incredulos]
1435 1597 1549 1656 saeculo

423 1715 567 1759 reuocare.
583 1701 658 1758 hauc
673 1701 763 1759 uitam
779 1702 849 1760 dans
865 1701 1001 1760 Dominus
1016 1702 1232 1774 ingemiscebat,
1248 1718 1333 1774 quam
1345 1703 1377 1758 tu
1392 1700 1471 1758 doles
1486 1716 1549 1758 esso

425 1802 578 1861 sublatam.
602 1805 702 1862 contra
716 1803 851 1861 lacrimas
866 1805 929 1862 eius
951 1807 1079 1877 pugnant
1096 1804 1230 1862 lacrimae
1246 1808 1322 1874 tuae,
1345 1805 1374 1860 et
1388 1819 1466 1860 amor
1480 1805 1548 1859 tuus

424 1905 514 1962 amori
529 1905 601 1962 eius.
623 1905 684 1963 cius
698 1905 781 1962 fletus
795 1923 851 1963 non
866 1906 953 1963 habet
968 1923 1073 1978 parem.
1089 1906 1139 1964 illo
1150 1906 1266 1964 nolebat
1277 1905 1394 1963 reddere
1406 1903 1551 1961 laboribus

425 2023 509 2079 quom
525 2007 676 2079 dilexerat,
699 2010 729 2065 et
744 2010 776 2064 tu
791 2022 886 2065 amare
909 2010 937 2065 te
952 2008 1043 2066 credis
1059 2009 1104 2066 cui
1119 2009 1248 2066 laborum
1263 2007 1379 2067 uolebas
1394 2009 1487 2066 adhue
1501 2024 1587 2064 re·1s

425 2112 502 2166 stare
514 2113 664 2168 tormenta.
680 2113 806 2169 ceterum
820 2110 845 2166 si
857 2113 940 2182 putas
955 2126 1018 2167 eum
1033 2115 1174 2169 mortuum
1189 2112 1327 2168 Lazarum
1338 2110 1473 2180 doluisse,
1485 2112 1552 2168 aute

425 2226 481 2268 nou
497 2210 675 2282 permisisset
701 2211 776 2268 exire
802 2210 850 2284 qui
876 2211 1013 2283 repellere
1041 2215 1154 2284 poterat
1178 2214 1313 2281 mortem,
1339 2215 1390 2269 aut
1404 2213 1481 2270 certe
1496 2228 1552 2268 non

426 2312 506 2370 fleret
522 2313 571 2385 qui
586 2314 727 2371 mortuum
744 2313 913 2370 resuscitare
929 2316 1108 2385 postmodum
1125 2315 1265 2373 habuerat
1279 2316 1457 2386 potestatem.
1481 2313 1554 2370 uude

424 2417 547 2486 apparet
562 2415 624 2472 sola
639 2432 702 2473 eum
718 2432 804 2472 causa
818 2415 908 2472 fuisse
923 2418 1093 2473 commotum
1108 2418 1183 2488 quod
1199 2417 1236 2474 ad
1251 2416 1384 2474 hostilem
1400 2416 1487 2474 uitam
1504 2432 1552 2473 ca·

427 2514 571 2573 rissimum
587 2533 670 2573 snum
687 2531 820 2573 reuocare
836 2515 928 2574 denuo
953 2519 1071 2589 propter
1086 2518 1245 2575 credituros
1272 2518 1385 2589 aliquos
1411 2518 1457 2575 uel
1483 2532 1550 2575 con·
1562 2534 1589 2573 ao

429 2616 590 2675 fundendos
606 2617 768 2676 incredulos
790 2617 955 2688 urgebatur.
984 2619 1105 2691 denique
1133 2619 1174 2677 sic
1191 2622 1360 2678 subsecutus
1376 2621 1420 2676 cst
1442 2619 1552 2676 diceus:

496 2784 513 2833 o
534 2783 569 2835 lo.
589 2784 631 2845 14,
648 2783 690 2834 28.

498 2921 512 2969 1
532 2918 565 2970 ad
584 2919 648 2985 quid
660 2958 666 2969 .
678 2958 683 2968 .
695 2959 701 2969 .
712 2921 730 2973 1.
748 2923 768 2972 2
785 2923 827 2972 est
845 2935 896 2972 oon.
914 2920 932 2973 h
1039 2919 1072 2972 ad
1092 2920 1166 2987 quid]
1186 2919 1290 2986 aliquid
1309 2939 1327 2985 ,o
1431 2918 1556 2971 christio-

429 3017 490 3054 nam
511 3007 539 3055 et
556 3021 581 3065 v,
600 3003 729 3056 tristitia:
748 3020 809 3056 nam
828 3004 854 3055 Z
976 3006 993 3055 2
1011 3004 1133 3055 debuisse
1152 3019 1201 3056 om.
1221 3005 1246 3054 Z
1370 3004 1387 3054 3
1405 3002 1507 3054 talibus
1526 3017 1557 3054 ac

429 3090 516 3142 tautis
533 3093 551 3142 h
671 3091 699 3142 et
716 3106 767 3145 om,
784 3106 819 3156 νμ
957 3089 1046 3142 zabuli
1064 3105 1100 3155 rp
1221 3087 1523 3141 celmanicorum

429 3178 472 3228 tot
489 3176 659 3229 calamitates
677 3191 728 3228 om.
747 3175 802 3243 rpb
939 3176 956 3228 b
974 3174 1045 3242 quod
1063 3175 1122 3240 Ζμι
1255 3175 1272 3225 o
1290 3173 1417 3226 admonet
1434 3173 1557 3225 domiuus

430 3263 479 3328 (sic
496 3266 558 3328 orn.)
576 3263 593 3314 h
715 3277 758 3313 me
775 3260 926 3327 diligeretis
945 3260 994 3325 Ze,
1012 3259 1163 3327 diligeretis
1182 3275 1224 3310 me
1242 3259 1261 3310 le
1387 3258 1401 3309 7
1421 3257 1556 3325 quoniam]

430 3347 494 3412 quia
511 3348 530 3399 h
663 3347 781 3398 lazarum
799 3345 876 3397 fleuit
893 3348 1028 3397 mortuum
1045 3346 1064 3400 le
1190 3346 1207 3396 8
1225 3360 1278 3396 uon
1297 3344 1352 3396 tuis
1370 3343 1389 3396 1.
1407 3360 1430 3404 r,
1449 3343 1559 3395 nuntius

431 3432 549 3484 lacrimis
567 3452 595 3498 μ,
614 3446 667 3484 uon
686 3435 746 3483 tuas
764 3431 916 3498 lachrymas
934 3429 1007 3483 fudit
1024 3431 1051 3493 le,
1068 3446 1122 3483 non
1140 3447 1204 3483 suas
1223 3428 1293 3482 ludit
1312 3430 1336 3481 Ζ
1440 3428 1557 3480 dolorem

432 3517 531 3586 docere]
551 3516 675 3569 deleme
795 3518 876 3569 tinec
894 3515 945 3569 lide
963 3517 990 3568 Z
1092 3515 1219 3583 perfidam
1239 3536 1258 3582 μ
1380 3515 1413 3567 10
1430 3519 1459 3566 et
1478 3514 1559 3565 flebat

432 3619 481 3655 om.
501 3603 528 3655 Z
665 3604 696 3655 ll
716 3606 744 3655 et
761 3619 783 3655 c.
803 3602 952 3655 incredulos
969 3619 1021 3656 om.
1039 3604 1094 3671 rph
1227 3601 1260 3654 ad
1279 3600 1414 3655 saeculum
1432 3600 1491 3653 Zhu

432 3690 466 3741 12
483 3675 533 3741 dus
551 3688 617 3741 (laus
635 3687 663 3739 Z
803 3702 881 3754 qnam
901 3688 941 3753 tu]
960 3690 1091 3754 quantum
1110 3691 1143 3756 μ“
1287 3687 1321 3739 14
1338 3687 1436 3738 amoris
1454 3703 1489 3752 ra

433 3772 500 3842 eius]
518 3789 571 3826 non
594 3773 720 3826 conuenit
743 3771 808 3825 add.
826 3773 860 3827 ho
981 3773 1037 3824 eius
1060 3773 1155 3826 fletum
1172 3788 1197 3834 r,
1220 3772 1328 3824 doctum
1347 3791 1374 3838 μ,
1400 3769 1478 3822 fletus
1501 3768 1560 3821 eiua

433 3860 466 3920 Ζ,
484 3859 528 3911 hic
547 3858 661 3913 flctush
775 3875 868 3927 parum
887 3877 910 3923 r,
927 3859 1056 3927 pietatem
1074 3859 1093 3912 b
1210 3859 1243 3911 15
1261 3860 1289 3911 te
1307 3874 1357 3909 ona.
1376 3857 1415 3918 Z,·
1437 3855 1559 3908 credebas

433 3945 496 3997 ted
594 3945 702 4014 restare]
722 3944 890 4013 praestareh
983 3945 1017 3997 16
1034 3947 1113 4012 putas
1132 3943 1193 3998 Zbo
1286 3945 1422 3994 mortuum
1440 3958 1489 3993 oua
1509 3943 1527 3993 h

432 4029 507 4098 ante]
525 4046 560 4083 au
578 4050 598 4098 μ
703 4031 736 4084 17
755 4033 860 4099 poterat
880 4029 1007 4098 repellero
1025 4050 1053 4098 μ,
1070 4029 1199 4098 repellere
1217 4030 1309 4098 potuit
1320 4029 1346 4092 h,
1364 4042 1444 4094 quarn
1463 4025 1560 4093 pellere

433 4119 538 4185 poterat
555 4117 580 4169 Z
725 4118 758 4169 18
776 4117 905 4170 suscitare
922 4117 948 4180 h,
966 4114 1144 4169 resuscitandi
1162 4116 1206 4168 Ze
1350 4114 1382 4166 19
1399 4117 1476 4181 paret
1494 4115 1526 4181 μ’

433 4217 493 4254 eum
513 4201 570 4255 sola
589 4217 619 4254 ea
637 4203 677 4254 Ze
797 4205 960 4255 summotum
978 4202 1002 4255 Z
1116 4201 1204 4254 uitam
1222 4216 1272 4255 ona
1291 4200 1318 4252 Z
1431 4200 1464 4251 20
1483 4214 1559 4251 suurn

433 4303 482 4339 ma.
501 4288 520 4339 a
624 4285 711 4339 renuo
728 4287 791 4340 eto
894 4287 947 4355 usu
965 4288 1029 4340 aa
1133 4288 1167 4340 21
1186 4272 1236 4339 ahs
1254 4285 1344 4339 urens
1362 4285 1403 4338 zv
