3720 4920
394 310 459 377 266
865 311 1048 381 Appendix.

396 468 529 528 rectionis
544 470 606 528 elus
621 473 817 530 remanserunt
828 471 896 530 anni
906 471 1008 532 XXXI.
1033 471 1137 546 quibus
1149 470 1292 543 suppletis
1302 468 1428 543 oportuit
1435 483 1522 541 prop·

395 574 439 630 ter
449 575 568 643 peccata
579 573 754 632 credentium
765 574 826 646 pati
839 574 994 634 Christum.
1006 576 1083 648 ipsos
1095 574 1185 647 igitur
1197 570 1422 631 CCCCXXXIIII
1433 586 1523 628 annos

396 673 553 732 adiciamus
569 676 605 732 ed
621 692 758 733 summam
775 677 966 749 superiorem,
995 680 1025 736 et
1050 677 1230 735 inueniamus
1255 691 1345 732 annos
1366 673 1403 731 ab
1425 672 1523 731 Exodo

397 777 538 850 usquead
553 776 736 835 natiuitatem
753 777 859 836 Christi
881 779 962 838 mille
978 777 1136 836 DXLVlll.
1159 777 1241 836 cuius
1263 775 1427 834 natiuitatis
1448 776 1524 832 tem-

396 895 451 950 pus
466 895 636 950 cognoscere
652 879 846 938 desiderantes
862 881 938 952 ipsos
953 898 1044 939 annos
1055 879 1235 937 XDXLVIII
1258 880 1294 937 ab
1316 878 1413 936 Exodo
1435 876 1464 935 id
1480 878 1547 935 esta

396 979 519 1052 aprime
535 980 646 1053 pinacis
660 1000 746 1041 uersu
761 982 915 1055 diligenter
931 983 1152 1053 dinumeremus,
1175 985 1205 1040 et
1219 982 1256 1040 ad
1272 981 1346 1039 diem
1361 978 1526 1039 natiuitatis

397 1082 458 1139 eius
473 1083 682 1155 perueniemus.
699 1085 749 1157 qui
765 1084 827 1143 dies
842 1089 923 1143 sexta
938 1086 1150 1144 sedecennitats
1168 1084 1197 1141 in
1213 1084 1297 1142 tertio
1314 1081 1422 1140 decimo
1437 1097 1525 1139 uersu

397 1182 542 1241 inuenitur
559 1184 582 1241 V
597 1185 637 1245 lrl.
654 1185 746 1259 April.
762 1186 835 1244 feria
848 1186 920 1246 1111.

347 1285 387 1342 19
440 1284 464 1342 Ο
479 1302 564 1358 quam
579 1286 727 1358 presedere
741 1289 771 1345 et
781 1287 880 1345 diuina
894 1288 1007 1346 Domini
1022 1287 1218 1360 prouidentia,
1243 1291 1275 1345 ut
1297 1286 1326 1342 in
1343 1285 1392 1342 illo
1407 1284 1455 1342 dis
1471 1300 1527 1356 quo

397 1385 491 1444 lactus
506 1392 551 1445 est
566 1388 609 1446 sol
625 1389 655 1445 in
670 1388 731 1461 ipso
746 1388 792 1447 die
808 1392 972 1448 nasceretur
987 1389 1119 1447 Christus
1134 1389 1160 1446 V
1176 1389 1216 1446 kl.
1233 1388 1304 1461 ltpr.
1321 1386 1393 1446 feria
1407 1385 1479 1444 llII.
1495 1389 1526 1443 et
1536 1406 1563 1446 ro

397 1485 460 1544 ideo
475 1489 510 1545 de
528 1488 590 1560 ipso
607 1490 707 1547 merito
722 1492 759 1547 ad
773 1490 885 1561 plebem
900 1491 1011 1549 dicebat
1025 1491 1183 1548 Malachiae
1205 1491 1360 1562 propbeta:
1383 1487 1528 1544 orietur

399 1589 508 1647 uobis
530 1591 584 1649 sol
608 1591 802 1661 iustitiae,
836 1594 872 1650 et
894 1593 1039 1651 curatio
1067 1596 1123 1650 est
1151 1592 1187 1648 in
1210 1590 1341 1663 pennis
1369 1589 1458 1646 eius.
1481 1587 1530 1645 hic

399 1695 444 1750 est
460 1692 504 1749 sol
530 1692 659 1752 iustitiae
675 1693 755 1752 cuiuis
770 1694 799 1750 in
814 1694 916 1766 pennis
932 1695 1041 1752 curatio
1057 1692 1340 1766 praeostendebatur.
1367 1692 1401 1748 de
1428 1706 1483 1761 quo
1498 1692 1529 1747 et

400 1794 513 1866 Moyses
532 1795 561 1852 in
578 1796 689 1853 cantico
705 1796 917 1868 recognoscitur
933 1795 1047 1855 dicens:
1079 1799 1115 1854 et
1146 1811 1257 1868 super
1289 1793 1412 1866 pullos
1445 1806 1529 1848 sues

399 1896 618 1966 concupiuit
640 1900 675 1955 et
696 1898 906 1970 expandens
928 1898 1006 1955 alas
1029 1914 1123 1955 suas.
1141 1898 1202 1969 ipse
1217 1898 1262 1954 set
1276 1894 1414 1953 Dominus
1429 1893 1459 1949 iu
1475 1909 1526 1950 cu·
1538 1913 1564 1952 se

400 1996 446 2054 ius
461 1997 650 2055 similitudine
666 1999 713 2056 hic
728 2000 769 2057 sol
786 2016 896 2056 annuus
911 2016 961 2070 per
978 1998 1119 2056 CCCLXV
1136 1998 1196 2055 dies
1219 2001 1249 2054 et
1263 1999 1394 2069 quartem
1417 1997 1530 2067 purtem

401 2097 457 2155 disi
474 2102 658 2157 consummat.
683 2116 754 2172 quae
769 2100 832 2172 ipsa
845 2099 959 2173 quidem
974 2117 1041 2172 pars
1057 2103 1161 2174 quarta
1177 2099 1233 2157 diei
1249 2098 1337 2156 habet
1352 2100 1411 2155 tres
1435 2095 1532 2155 boras.

400 2202 460 2257 tres
475 2203 572 2256 sutem
586 2200 673 2259 borae
689 2201 841 2274 imaginem
856 2205 972 2272 portant
987 2201 1101 2259 illorum
1117 2202 1204 2259 trium
1220 2201 1329 2258 dierum
1345 2200 1394 2270 qui
1410 2200 1439 2256 in
1451 2199 1532 2271 prin-

402 2300 477 2372 cipio
492 2301 601 2358 saeculi
617 2301 679 2359 sine
694 2302 754 2360 sole
770 2306 798 2359 et
812 2303 882 2359 luna
897 2302 1023 2360 fuerunt.
1046 2306 1076 2360 et
1091 2303 1154 2360 ideo
1170 2304 1309 2374 quemodo
1324 2305 1384 2359 bes
1399 2304 1486 2360 borae
1501 2301 1533 2358 in

402 2403 588 2473 quadriennio
605 2405 707 2475 quater
721 2406 901 2475 computatae
916 2422 1003 2461 unum
1026 2404 1102 2461 diem
1117 2404 1264 2463 duodecim
1282 2404 1415 2461 horarum
1431 2402 1531 2460 effoce-
1542 2423 1568 2463 aa

405 2502 482 2570 runt,
509 2502 552 2557 sic
567 2502 596 2558 et
611 2500 667 2573 ipsi
684 2505 743 2559 tres
759 2500 829 2572 dies,
856 2518 907 2572 per
932 2503 1055 2575 quatuor
1081 2505 1211 2575 tempora
1224 2504 1322 2560 toruos
1348 2517 1460 2559 meuses
1476 2499 1532 2557 eibi

403 2600 589 2659 defendentes
612 2620 716 2660 annum
739 2606 805 2675 post
819 2604 874 2660 XII
890 2621 1002 2662 menses
1019 2604 1182 2676 suppletum
1198 2606 1472 2661 demonstrauerunt.
1503 2604 1533 2660 st

403 2703 444 2760 sic
460 2719 510 2774 per
524 2703 599 2760 banc
614 2703 816 2763 multiformem
831 2705 990 2762 trinitatem
1007 2709 1036 2762 et
1052 2706 1129 2777 ipsae
1141 2705 1288 2763 duodecim
1303 2706 1390 2763 horae
1405 2720 1531 2776 euange-

402 2804 472 2861 lium
488 2821 574 2862 unum
591 2807 620 2862 in
637 2808 757 2877 quatuor
773 2809 869 2879 partes
885 2808 1009 2864 diuisum
1024 2808 1223 2876 ostenderunt,
1240 2809 1270 2864 et
1286 2810 1345 2863 tres
1357 2822 1468 2863 menses
1479 2821 1531 2877 per

402 2909 523 2978 quatuor
538 2910 666 2979 tempora
681 2908 710 2965 id
725 2911 770 2966 est
785 2926 835 2980 per
851 2913 973 2980 quatuor
987 2908 1180 2981 euangelistae
1196 2907 1333 2966 electosa
1348 2907 1463 2966 Christo
1475 2906 1531 2964 XII
1541 2926 1566 2966 aa

402 3007 547 3080 apostolos
562 3009 644 3067 nobis
660 3008 923 3068 manifestauerunt.

473 3173 503 3223 11
524 3172 587 3223 nial.
607 3172 633 3233 4,
651 3173 676 3223 2.
781 3173 814 3225 14
832 3171 872 3224 l?

471 3327 485 3378 1
505 3324 622 3378 XXXIII
642 3342 656 3378 c
812 3326 829 3377 2
846 3326 927 3394 ipsos]
945 3328 990 3380 his
1008 3328 1079 3380 euim
1097 3327 1113 3379 b
1271 3324 1500 3380 CCCXXXIIIlc

401 3410 542 3478 debriati]
561 3410 697 3465 dominib
822 3426 857 3467 ῶ
876 3412 1062 3465 DXXXVlIb
1191 3412 1395 3464 bid...uersu
1413 3414 1500 3466 eceb

402 3497 419 3548 6
437 3494 634 3549 dinumeremus
652 3497 668 3549 b
761 3499 776 3550 7
795 3499 979 3551 sedecennitas
997 3500 1013 3552 b
1110 3495 1128 3548 8
1147 3497 1169 3549 V
1187 3497 1224 3549 lrl.
1244 3497 1321 3564 april
1342 3496 1400 3551 IIII
1417 3513 1501 3551 orm

401 3583 468 3634 9ut
485 3582 596 3634 in...l.
615 3589 647 3636 11
667 3584 699 3637 do
716 3584 774 3650 ipso
793 3600 878 3637 om.c
973 3584 1120 3636 llmerito
1138 3584 1223 3636 cnab
1327 3584 1360 3635 12
1378 3582 1500 3650 pinnisc

404 3667 437 3719 13
453 3666 545 3734 pinnis
564 3669 621 3720 eins
639 3669 714 3721 cuius
732 3669 922 3722 ostendebatur
940 3684 954 3720 c
1076 3668 1109 3720 14
1128 3667 1330 3735 cognosciturc
1445 3668 1535 3734 pullos

402 3754 474 3820 suos]
493 3753 620 3820 populum
640 3755 751 3806 suumb
829 3753 863 3806 15
881 3751 1047 3820 spendensb
1117 3753 1151 3805 16
1170 3751 1408 3805 similitudinomc
1477 3752 1535 3805 dies

402 3853 486 3891 orme
591 3839 622 3890 17
641 3838 703 3906 diei]
722 3837 812 3891 dioec
943 3839 976 3891 19
996 3838 1112 3904 fuemrnt]
1133 3840 1221 3890 factus
1239 3840 1335 3889 eunte
1467 3852 1533 3903 quo·

402 3921 479 3975 modo
497 3939 547 3976 orn.
566 3939 581 3976 c
671 3924 707 3976 20
724 3922 928 3990 quadriennium
946 3924 962 3977 b
1054 3923 1188 3983 efficiunt3
1209 3925 1239 3975 ut
1256 3925 1284 3974 et
1302 3921 1376 3989 ipsae
1392 3920 1435 3973 III
1454 3921 1536 3975 borae

402 4007 507 4062 diemo
594 4009 628 4060 22
646 4008 824 4077 dependentes
845 4011 869 4059 G
952 4008 1212 4077 demonstrauerunt]
1231 4007 1501 4060 dinumeraueruntc

401 4095 436 4147 23
454 4095 591 4149 duodecim
615 4111 665 4148 om.
685 4096 701 4148 b
872 4095 906 4147 24
924 4097 952 4147 et
974 4095 1040 4163 tres]
1065 4094 1168 4148 aeterui
1185 4110 1215 4157 c,·
1238 4096 1266 4145 et
1283 4093 1353 4146 terni
1372 4095 1440 4146 coni.
1465 4092 1503 4146 W

401 4181 437 4234 25
454 4182 594 4249 euangelia
612 4197 643 4234 co
775 4180 875 4234 electus
893 4181 1029 4247 apostolus
1048 4197 1062 4234 c
1194 4180 1232 4236 26
1250 4179 1493 4232 manifestauerunt
1509 4178 1534 4243 b,

402 4267 654 4321 demonstrauerurrt
671 4283 702 4322 co
