3720 4920
380 363 437 436 104Ι
817 373 820 378 ’
849 355 1032 425 appendix.

374 513 500 572 tionibus
521 513 665 572 continuis
687 513 827 573 incumbe.
851 513 916 573 alea
930 530 966 573 ne
981 513 1097 584 luseris,
1123 515 1171 573 nbi
1187 515 1268 574 inane
1283 516 1400 575 occiano
1416 519 1459 575 est
1473 515 1503 573 ct

374 615 482 674 crimen
501 615 632 686 mortale,
658 615 707 674 nbi
728 614 872 675 dementia
886 616 948 675 eino
964 615 1200 687 consideratione,
1227 617 1277 676 ubi
1291 616 1372 676 nulla
1387 615 1503 685 ueritas,

374 721 423 778 sed
450 715 660 779 mendaciorum
685 721 813 778 mandre
837 720 951 779 abscide
975 720 1042 779 inde
1057 737 1173 779 manum
1188 723 1267 779 tuam
1282 724 1312 779 ot
1326 721 1422 779 auerte
1438 719 1504 777 inde

374 836 422 880 cor
437 823 533 879 tuum:
557 823 674 880 extrahe
689 817 843 894 caliginem
857 820 966 880 inimici
981 823 1017 880 ab
1033 820 1124 881 oculis
1139 822 1197 880 tuis
1212 824 1242 881 ot
1256 819 1374 895 puritlca
1387 837 1503 878 manum

375 924 454 980 tuam
469 940 487 980 a
501 921 651 981 sacrificiis
668 922 792 981 daboli:
815 923 896 982 abice
911 925 963 982 abe
978 927 1008 982 te
1024 924 1135 982 iuncos
1150 940 1253 994 morea,
1268 926 1329 980 osto
1344 922 1459 995 patiens
1473 923 1545 980 eta·

374 1023 558 1095 christianus,
574 1025 635 1082 osto
651 1023 705 1082 tibi
716 1026 746 1083 ot
757 1023 833 1082 uitae
847 1025 916 1082 tneo
931 1023 961 1081 in
976 1023 1189 1097 operationibus
1204 1023 1298 1082 iustus
1312 1026 1343 1081 et
1356 1021 1504 1095 prouidus,

373 1123 441 1197 fuge
456 1119 602 1184 diabolmn
618 1129 834 1199 persequentem
850 1127 880 1185 ot
894 1125 961 1199 lngo
977 1126 1067 1185 aleam
1084 1125 1226 1184 inimicam
1242 1142 1357 1198 operum
1373 1127 1503 1183 tuorum:

375 1225 502 1284 studium
517 1226 557 1284 eit
571 1225 627 1284 tibi
650 1226 819 1298 sapientiae,
844 1226 1020 1300 euangelicis
1035 1226 1152 1285 monitis
1166 1226 1287 1296 erudire,
1302 1241 1388 1298 purus
1404 1242 1505 1294 manns

374 1325 410 1382 ad
436 1326 582 1385 christum
604 1329 764 1402 extendere,
791 1330 824 1386 ut
844 1327 997 1400 promereri
1018 1327 1169 1387 Dominum
1192 1327 1294 1400 possis.
1326 1326 1419 1386 aleam
1445 1326 1505 1385 noli

374 1427 525 1500 respicere.
548 1443 641 1487 amen.

466 2072 559 2170 VII.
593 2073 664 2168 os
698 2068 979 2168 MONTIBVS
1012 2068 1143 2166 SINA
1175 2069 1244 2221 ΕΤ
1276 2067 1413 2165 SION.

845 2296 1041 2308 h-c——u

346 2463 362 2516 l
418 2448 558 2527 Probatio
589 2469 777 2540 capitulorum
815 2485 887 2542 qnae
917 2468 946 2525 in
976 2466 1127 2539 scripturis
1168 2467 1277 2527 deificis
1315 2469 1505 2528 continentur.

376 2586 450 2643 qnae
476 2569 505 2628 in
534 2573 630 2628 notoro
654 2571 826 2628 testamento
852 2567 1010 2642 figuraliter
1032 2566 1141 2640 scripta
1161 2569 1238 2637 sunt,
1261 2585 1312 2641 por
1327 2583 1397 2626 nouo
1413 2570 1505 2627 testa·

377 2674 472 2730 monto
488 2669 657 2744 spiritaliter
679 2670 876 2744 intellegenda
897 2673 975 2739 eunt,
998 2687 1070 2743 quae
1096 2669 1302 2742 porChristum
1329 2669 1358 2727 in
1380 2669 1504 2728 ueritate

376 2773 524 2846 adinplota
550 2776 627 2831 sunt.
650 2772 733 2832 nobis
759 2773 835 2831 enim
849 2772 1009 2844 pertesum
1025 2770 1170 2829 Christum
1185 2771 1325 2844 spiritalis
1339 2770 1504 2830 intellectos
1515 2795 1541 2835 ιι

376 2876 462 2933 datus
478 2874 600 2946 estipso
615 2874 682 2932 lesu
697 2873 825 2931 diesne:
848 2872 954 2932 nobis
975 2871 1117 2945 quidem
1138 2873 1260 2930 datnrn
1280 2874 1337 2930 est
1358 2871 1505 2930 intolle-

374 2991 459 3048 gere
488 2977 719 3033 sacramenta
747 2973 828 3045 Dei,
862 2973 952 3032 aliie
975 2977 1094 3031 autem
1117 2972 1153 3030 in
1176 2972 1505 3043 similitudinibus,

445 3223 478 3275 16
496 3220 576 3275 Marc.
593 3221 619 3285 4,
638 3222 681 3274 11.

442 3456 610 3510 leontinnis
628 3456 723 3524 orat}
835 3453 922 3507 aleam
940 3453 969 3507 Ι)
1080 3453 1190 3505 uocibus
1211 3449 1261 3519 Ql'
1370 3453 1504 3506 2inmor-

373 3542 429 3594 talo
450 3539 500 3610 ΩΤ
611 3538 751 3594 4ἰιιίωίοί
769 3555 820 3593 om.
844 3538 868 3608 Q
980 3537 1094 3606 babige
1116 3537 1181 3606 QTo
1284 3538 1355 3606 let}
1373 3540 1401 3591 te
1423 3536 1473 3606 ΟΥ

374 3641 483 3693 operum
501 3627 609 3678 tuorum
625 3625 664 3689 D,
682 3639 770 3678 rernm
788 3625 896 3677 tuarum
918 3620 983 3691 Quo
1086 3622 1169 3691 esic]
1188 3621 1212 3675 si
1231 3623 1257 3675 Τ
1357 3622 1505 3690 euangeliis

373 3711 411 3764 Μ
414 3709 496 3778 ’ρ’Τ,
515 3709 651 3778 euangelii
668 3707 776 3776 M'Q'o
877 3709 895 3762 9
912 3708 1024 3761 extende
1047 3706 1086 3775 Qo
1104 3737 1137 3746 -
1156 3706 1273 3774 Explicit
1290 3706 1322 3759 de
1340 3707 1505 3761 aleatoribus

373 3795 414 3858 1),
438 3794 574 3849 Aduersus
597 3795 729 3848 aleatores
752 3792 863 3862 explicit
887 3792 924 3863 Q,
952 3791 1077 3860 Epistula
1102 3790 1229 3861 Cypriani
1252 3791 1285 3845 ad
1309 3792 1440 3846 aleatores
1454 3808 1506 3853 ,ex-

373 3881 452 3949 plicit
471 3880 505 3933 T.
523 3911 554 3920 -

443 3965 544 4033 Incipit
566 3964 598 4017 de
625 3963 728 4017 dnobus
755 3963 893 4016 montibus
915 3962 983 4025 ΜΤ,
1011 3963 1043 4016 de
1070 3962 1173 4016 duobus
1201 3962 1336 4017 montibus
1359 3962 1391 4015 de
1413 3965 1505 4015 monte

373 4050 446 4118 Syna
464 4053 492 4103 et
509 4052 581 4119 Syon
599 4048 725 4103 Maerens
744 4047 840 4102 Iudeos
858 4068 887 4116 μ.
910 4078 938 4087 κ-
959 4047 991 4102 12
1008 4048 1120 4102 initiam
1137 4048 1221 4102 huius
1236 4048 1300 4101 litei
1311 4047 1437 4100 medelum
1449 4061 1506 4100 eoae

372 4137 488 4189 uidetur
564 4135 597 4188 13
614 4135 699 4188 neteri
717 4150 754 4202 po
827 4149 874 4202 per
892 4149 991 4187 nonum
1008 4136 1198 4187 testamentum
1216 4151 1253 4201 po
1323 4134 1356 4186 14
1374 4117 1504 4199 spiraliter

376 4242 395 4287 μ
413 4221 528 4275 adsolet
632 4219 733 4275 christo
752 4220 778 4274 T
880 4219 912 4274 17
931 4218 1134 4273 similitudino·
1149 4220 1183 4274 Μ
1201 4235 1226 4272 rn
1245 4235 1314 4273 erae.
