3720 4920
509 404 555 458 De
571 403 745 461 duodecim
763 404 921 460 abusiuie
939 403 1076 459 sueeuli
1099 419 1121 460 e
1140 403 1217 460 1-2.
1370 405 1431 472 153

293 564 436 624 instruere
457 564 557 624 uolens
571 563 686 638 qualem
701 565 732 624 in
747 562 794 624 bis
810 563 952 624 cautelam
967 565 1108 627 haberent
1122 564 1302 625 ammonebat
1315 562 1430 624 dicens:

285 665 328 727 'si
350 666 407 726 sal
429 667 640 738 euauuerit‚
663 667 698 726 in
720 682 787 740 quo
810 665 999 728 salietur?
1028 669 1084 729 boe
1105 671 1164 742 est,
1186 667 1213 727 si
1233 668 1330 728 doetor
1350 683 1430 727 erra·

295 770 388 843 uenit,
403 787 422 830 a
436 787 492 843 qno
507 770 612 830 iterum
626 771 742 831 doewre
764 769 985 831 emendabitur?
1015 774 1051 831 et
1072 769 1105 830 si
1132 770 1252 830 lumen
1281 768 1374 843 quod
1396 769 1433 826 in

294 875 330 931 te
363 875 422 931 est
444 872 619 933 tenebrae
642 875 744 944 sunt,
771 871 881 947 ipsae
903 873 1080 934 tenebrae
1114 874 1273 948 quantae
1301 872 1432 930 erunt?

273 972 322 1034 osi
335 990 457 1048 namque
469 975 568 1034 oculus
583 992 601 1035 a
615 975 732 1035 uidendi
747 974 842 1036 officio
853 975 1007 1048 desinerit,
1023 977 1088 1051 quis
1103 994 1122 1036 a
1135 993 1221 1035 menn
1236 978 1287 1034 aut
1301 975 1373 1047 pede
1384 974 1432 1032 uel

296 1076 407 1150 reliquo
419 1092 535 1151 eorpore
550 1076 625 1135 illud
634 1076 826 1138 ministerium
837 1076 955 1153 exiget?
972 1080 1148 1153 quapropter
1160 1077 1289 1137 dootores
1301 1076 1431 1150 cogitent

294 1196 330 1239 ne
345 1180 477 1253 ampliori
488 1179 631 1239 uindictae
646 1179 823 1252 subiaceant,
839 1180 867 1240 si
877 1180 1065 1255 plurimorum
1076 1179 1245 1253 perditionis
1255 1178 1432 1238 oeensionem

295 1281 491 1341 abundantius
505 1283 663 1356 praestent.
679 1298 746 1341 narn
761 1284 791 1341 et
806 1283 938 1343 Salomon
953 1283 1021 1341 dum
1036 1281 1145 1341 multae
1161 1281 1319 1354 sapientiae
1334 1284 1432 1339 trans·

296 1383 472 1458 messionem
486 1383 623 1456 incurrit,
639 1384 729 1444 totius
744 1383 921 1445 Israelitieae
937 1382 1030 1458 plebis
1045 1384 1127 1458 regni
1150 1382 1355 1457 dispersionem
1371 1383 1432 1442 eolo

261 1502 348 1547 nosue
363 1484 466 1545 merito
481 1486 636 1559 praestitit.
659 1485 764 1559 quibua
785 1502 853 1559 ergo
869 1483 1088 1545 committuntur
1108 1484 1216 1556 multe,
1238 1483 1346 1543 maiora
1366 1499 1433 1556 per·

296 1587 384 1659 dunt,
408 1587 433 1646 ei
448 1605 505 1647 non
520 1591 597 1648 reete
613 1586 846 1660 dispensauerint
870 1585 990 1646 rectoris
1016 1585 1062 1646 sui
1089 1602 1223 1656 munera,
1246 1601 1318 1659 quae
1334 1601 1432 1657 peree-

295 1693 410 1762 perunt.
434 1689 480 1748 eui
495 1689 569 1747 enim
585 1690 652 1762 plus
667 1687 873 1759 committitur,
895 1687 963 1760 plne
978 1688 1015 1746 ab
1038 1705 1072 1747 eo
1087 1688 1221 1760 exigitur.
1245 1688 1280 1746 et
1301 1702 1432 1744 seruus

295 1790 357 1865 qui
390 1790 528 1850 domini
564 1789 621 1849 sui
665 1790 899 1849 uoluntatem
944 1787 1177 1863 intellegens
1213 1804 1283 1847 non
1320 1786 1433 1859 fauit,

296 1892 512 1952 acrioribus
534 1894 572 1951 et
593 1890 990 1966 grauioribusflagris
1012 1890 1207 1950 uindietae
1229 1890 1433 1962 uapulabit.

261 2081 288 2120 us
627 2061 753 2120 SENEX
775 2061 864 2121 SINE
887 2060 1107 2120 RELIGIONE.

339 2181 486 2241 Secundus
501 2180 648 2241 abusionis
662 2182 771 2256 gradus
786 2185 847 2253 est,
863 2181 889 2240 si
902 2180 964 2240 sine
979 2181 1119 2255 religione
1130 2198 1217 2243 senex
1228 2198 1291 2242 esse
1303 2181 1464 2240 inuenio-,2

296 2285 355 2354 tur,
377 2282 423 2343 eui
438 2300 503 2342 eum
517 2284 645 2342 membra
665 2283 814 2343 exterioris
835 2282 961 2343 bominis
983 2287 1181 2357 uetereseunt,
1203 2284 1280 2344 uires
1300 2283 1389 2342 animi
1406 2282 1435 2340 id

298 2386 344 2442 est
358 2384 503 2444 interioris
519 2384 642 2444 bominis
671 2387 799 2445 membra
831 2385 1008 2445 incramenta
1022 2387 1133 2446 roboris
1148 2403 1205 2446 non
1219 2386 1346 2460 capiunt.
1369 2385 1436 2458 plus

296 2486 373 2546 enim
388 2485 520 2545 omnibus
534 2485 669 2559 religioni
684 2502 799 2560 operam
824 2487 893 2547 dare
907 2486 1024 2546 senibus
1040 2487 1174 2548 conuenit
1189 2505 1260 2561 quos
1275 2485 1436 2561 praesentis

262 2602 290 2645 ao
300 2588 409 2649 meonli
423 2589 525 2647 florida
539 2591 620 2648 aetas
634 2591 782 2648 transacta
793 2589 909 2648 deserit.
926 2589 1002 2649 siout
1016 2605 1140 2661 namque
1156 2589 1186 2647 in
1205 2589 1294 2662 lignis
1309 2590 1373 2662 ipsa
1387 2605 1434 2647 re·

299 2690 389 2764 proba
403 2691 488 2750 arbor
501 2692 636 2763 conparet
652 2707 724 2765 quae
739 2692 807 2763 post
820 2690 906 2750 flores
920 2690 1033 2750 fruetus
1048 2693 1171 2766 optimos
1186 2690 1289 2752 cultori
1307 2708 1357 2751 sno
1379 2706 1435 2748 non

298 2793 431 2866 exbibet,
454 2793 497 2852 sio
518 2795 548 2852 et
563 2792 594 2851 in
607 2791 771 2852 hominibus
791 2792 854 2865 ipae
875 2794 1015 2867 reprobus
1029 2797 1076 2852 est
1096 2810 1181 2868 quem
1201 2793 1254 2853 flos
1275 2790 1436 2852 iuuentutis

298 2894 406 2956 deserit
425 2897 456 2953 ot
476 2897 573 2953 tamen
594 2894 623 2953 in
640 2893 686 2954 sni
706 2893 833 2967 eorporis
856 2897 1003 2955 senedute
1025 2895 1163 2954 bonorum
1179 2910 1295 2969 operum
1309 2896 1437 2952 maturos

298 2995 413 3057 fruetus
426 2995 556 3069 proferre
570 2994 764 3071 parnipendit.
787 2995 857 3069 quid
871 2995 948 3056 enim
963 2991 1099 3056 stolidius
1114 2995 1178 3056 fleri
1193 2997 1298 3071 puteat,
1314 2994 1340 3055 ai
1355 3010 1435 3054 mens

365 3219 500 3273 sunau.
517 3218 543 3284 b,
561 3219 603 3273 13.
707 3218 845 3273 euasti.
864 3219 890 3284 6,
906 3217 953 3276 23.
1059 3218 1094 3273 12
1111 3218 1175 3273 Lne.
1195 3218 1235 3281 12,
1253 3218 1297 3272 47.

367 3436 383 3487 1
402 3433 535 3489 instruere
552 3434 647 3488 uolens
665 3433 813 3503 discipulos
830 3450 847 3486 n
961 3431 1116 3486 admonent
1138 3432 1164 3486 V
1275 3431 1294 3485 2
1311 3431 1348 3501 si]
1366 3430 1436 3500 qnod

297 3518 323 3572 si
339 3518 387 3574 Xe
509 3520 571 3589 boo]
589 3519 619 3573 id
637 3520 668 3573 X
791 3518 889 3587 dquo]
908 3532 961 3585 quo
978 3518 1051 3572 enirn
1074 3517 1102 3570 V
1222 3516 1403 3571 bdeaierito

297 3604 355 3672 aut]
373 3603 419 3658 uel
435 3604 472 3669 Χ,
491 3604 536 3658 uel
555 3621 606 3660 ao
693 3606 710 3659 6
728 3619 745 3658 a
761 3604 866 3672 reliquo
884 3621 901 3658 e
988 3602 1110 3657 doctores
1129 3618 1181 3658 oea
1200 3602 1233 3656 X
1316 3601 1437 3671 ‘dpluri-

298 3689 386 3746 mise
500 3689 648 3759 perditioni
667 3689 699 3744 X
830 3689 923 3758 bipes
942 3688 1099 3744 salomone
1220 3689 1237 3744 9
1255 3688 1313 3744 eolo
1330 3704 1379 3743 uno
1401 3687 1436 3753 0,

299 3775 369 3830 solio
391 3775 424 3840 V,
441 3775 526 3830 solius
544 3776 621 3832 euin
726 3777 760 3830 10
776 3774 883 3830 meriti·
900 3774 933 3829 X
1034 3776 1062 3827 et
1080 3776 1184 3830 maiora
1203 3775 1235 3830 X
1326 3776 1360 3830 11
1377 3789 1437 3845 per·

298 3860 423 3930 dperunt
441 3860 476 3916 N
582 3861 618 3915 12
634 3860 759 3915 saiwi.
778 3864 811 3915 14
830 3858 975 3928 uapulubit
992 3873 1043 3913 em.
1062 3859 1093 3913 X
1206 3859 1240 3914 ab
1258 3875 1289 3914 eo
1307 3861 1403 3929 pluee

299 3946 335 4000 14
352 3947 499 4001 artioribus
520 3945 577 4002 GV
699 3946 849 4017 flagelliso
971 3944 1115 4014 uapulanit
1137 3944 1163 3998 G
1244 3959 1246 3963 ’
1282 3947 1315 4000 17
1333 3949 1437 4001 uetera·

298 4034 379 4085 suunt
400 4032 441 4086 Vo
557 4033 590 4086 19
608 4032 743 4101 eonnenit]
762 4031 883 4099 conpetit
899 4031 947 4087 Xe
1067 4031 1216 4100 praesentia
1239 4031 1305 4088 Gis
1323 4033 1356 4087 in
1373 4047 1438 4096 raa,

298 4116 434 4184 praesenti
453 4115 495 4169 X¹
582 4116 619 4171 20
635 4115 754 4171 deseruit
773 4116 815 4170 Vo
901 4114 983 4184 aient]
1001 4114 1067 4168 licet
1089 4114 1187 4178 GXV;
1205 4115 1239 4181 es.
1254 4132 1286 4184 p.
1306 4119 1365 4181 158,
1385 4121 1400 4171 1

298 4200 333 4256 21
351 4201 431 4258 arbor
448 4201 559 4272 reprobe
576 4201 608 4256 X
692 4201 728 4256 22
744 4200 810 4271 ipae]
829 4201 877 4256 ille
898 4200 926 4257 V
1008 4199 1044 4255 23
1061 4200 1181 4256 deseruit
1198 4217 1214 4256 o
1294 4201 1329 4256 24
1347 4205 1437 4272 potest

298 4285 359 4341 fleri
381 4287 408 4340 V
509 4287 533 4343 si
556 4286 632 4353 0¹11,
651 4288 675 4341 ui
691 4289 758 4341 tune
780 4286 853 4342 (ΡΧ
1239 4296 1240 4299 ’
