3720 4920
700 364 745 418 De
762 362 894 418 Pesche
911 367 1092 445 computus
1111 380 1133 419 c.
1150 365 1227 419 5-7.
1466 365 1531 432 253

397 523 450 581 bus
465 521 609 597 CCCLXV
623 525 654 582 et
675 529 784 598 quarto
803 521 865 580 diei
888 538 992 581 ennum
1019 538 1233 582 consummasse
1256 522 1417 594 inueniunt,
1443 524 1473 580 et
1486 521 1529 580 sic

393 624 517 700 primum
533 626 609 686 diem
625 625 692 686 noni
715 624 822 685 mensis
847 625 960 685 uenturi
975 623 1001 683 V
1018 624 1059 685 kl.
1075 625 1171 701 April.
1195 627 1364 687 ostendunt,
1384 643 1418 686 uc
1440 641 1526 700 prop·

391 732 470 788 terea
486 733 610 803 quetnor
625 731 801 803 quadrantes
816 729 995 803 quadriennii
1011 729 1042 788 in
1058 747 1146 789 unum
1164 730 1239 790 dtem
1251 729 1415 803 redigentes
1426 730 1526 803 quintu

391 847 502 905 quoque
523 846 597 889 enno
621 848 678 889 non
704 831 784 889 Vkl.
800 806 888 905 Api,
910 832 959 891 sed
975 831 1001 889 V
1016 831 1057 892 kl.
1074 809 1159 891 Mart.
1186 832 1354 905 iumittunt,
1376 849 1413 891 ne
1435 832 1527 904 primo

368 933 447 993 sdiei
473 932 583 992 mensis
608 934 674 992 notri
703 935 902 1007 superuenturi
929 935 1074 1008 integrum
1100 936 1174 993 diem
1201 934 1371 1005 immittunt,
1396 940 1426 993 et
1449 934 1527 994 hunc

389 1039 483 1095 totum
496 1035 626 1095 ordinem
642 1052 727 1109 quem
741 1036 868 1096 Hebraei
888 1037 998 1110 priores
1014 1040 1043 1096 et
1058 1039 1125 1095 ente
1142 1036 1234 1109 ipsem
1249 1036 1369 1097 Romam
1383 1036 1527 1095 conditem

391 1142 471 1198 certe
498 1140 608 1198 notione
623 1140 750 1198 assecuti
776 1143 844 1198 sunt
868 1140 1045 1199 subuertant.
1070 1157 1162 1199 annus
1178 1138 1270 1213 igitur
1285 1139 1479 1199 Hebraeorum
1495 1139 1526 1197 in

387 1240 445 1299 XII
460 1256 574 1300 menses
596 1235 710 1301 diuisus
725 1241 797 1301 facit
822 1258 947 1300 mensem
963 1240 1055 1299 XXIX
1072 1242 1106 1300 S:
1132 1240 1268 1301 simffiter
1283 1243 1313 1300 et
1333 1241 1525 1300 Romanorum

388 1342 418 1400 in
433 1344 583 1402 duodecim
598 1360 710 1417 qnoque
725 1344 850 1418 pertitus
873 1343 943 1402 feeit
964 1360 1090 1404 mensem
1105 1343 1183 1402 XXX
1199 1344 1227 1402 S.
1251 1361 1320 1417 ergo
1342 1345 1418 1402 inter
1432 1342 1525 1400 XXIX

351 1445 406 1504 roS
421 1449 451 1503 et
465 1445 578 1504 XXXS
605 1445 729 1506 interest
754 1462 826 1520 ques
853 1445 1057 1519 intelliguntur
1082 1463 1146 1506 esse
1169 1447 1256 1505 horee
1282 1445 1325 1504 XI
1348 1446 1377 1504 et
1391 1447 1524 1519 quartum

386 1548 483 1607 horae.
506 1549 536 1607 In
552 1548 657 1622 quibus
671 1549 713 1607 XI
729 1549 807 1608 horis
822 1553 851 1609 et
866 1551 967 1621 quarto
984 1550 1073 1608 horse
1088 1549 1167 1622 prior
1182 1548 1344 1607 embuleuit
1355 1546 1400 1606 sol
1412 1548 1524 1620 quondo

386 1649 479 1709 fectus
501 1654 546 1710 est
568 1651 683 1712 initium
705 1652 771 1711 diei.
795 1650 838 1711 sic
852 1655 947 1711 eutem
964 1656 994 1711 et
1008 1651 1078 1710 lune
1098 1652 1214 1710 initium
1236 1651 1331 1711 noctis
1345 1649 1409 1709 fieri
1424 1666 1522 1721 repro·

385 1751 485 1823 missu,
502 1769 560 1811 non
575 1755 704 1826 oportuit
718 1770 780 1812 eem
795 1756 861 1827 post
875 1771 1005 1813 occasum
1023 1754 1094 1813 solis
1109 1753 1172 1812 fieri
1187 1756 1218 1812 et
1229 1752 1272 1810 sic
1283 1753 1314 1810 in
1326 1751 1406 1832 coelo
1418 1751 1521 1827 uideri,

386 1855 521 1929 qnoniam
541 1857 664 1916 debebat
677 1875 695 1916 a
709 1857 802 1931 primo
818 1856 863 1917 dIe
882 1856 975 1916 uideri
991 1861 1021 1915 et
1043 1855 1189 1931 prosequi,
1212 1872 1278 1915 cum
1304 1872 1361 1928 qno
1385 1856 1444 1913 tam
1460 1869 1522 1913 rne-

350 1970 374 2008 u
384 1973 474 2030 gnum
490 1957 616 2017 officium
633 1958 728 2017 fueret
743 1961 857 2032 adepte.
874 1960 926 2018 hoc
941 1962 987 2018 eet
1002 1959 1093 2032 igitur
1108 1959 1184 2033 qnod
1196 1974 1248 2032 per
1262 1957 1394 2031 sIngulos
1409 1972 1522 2016 menses

385 2063 522 2132 reparate
549 2060 652 2133 quinte
679 2060 790 2120 dectrne
816 2058 883 2119 luna
910 2062 1075 2135 proceditur
1094 2079 1112 2119 e
1133 2061 1203 2120 sole.
1228 2063 1257 2120 et
1272 2061 1337 2119 ideo
1351 2075 1403 2132 per
1417 2075 1521 2117 annum

384 2163 451 2234 plus
480 2163 628 2221 ambulare
656 2163 803 2222 inuenitur
829 2163 872 2222 sol
886 2162 927 2221 XI
943 2163 1005 2222 dies
1021 2167 1051 2222 et
1066 2166 1199 2237 quartem
1214 2166 1326 2235 purtem
1342 2161 1410 2221 diei.
1437 2163 1466 2218 et
1482 2161 1523 2220 sic

384 2265 465 2336 lune,
482 2281 554 2338 qnae
570 2267 675 2338 questa
689 2264 763 2324 feris
774 2264 800 2322 V
811 2264 850 2324 kl.
868 2265 937 2338 npr.
954 2264 1056 2338 quinta
1071 2264 1182 2325 decime
1196 2264 1291 2323 fueret
1301 2263 1389 2335 facte,
1405 2263 1523 2322 inuento

387 2369 432 2426 est
449 2367 581 2440 suppleto
597 2368 689 2438 primo
704 2383 778 2425 enno
794 2366 886 2424 XXVI
901 2385 950 2441 qu.
967 2366 1044 2425 vn.
1056 2368 1147 2440 Apu:
1163 2367 1232 2425 item
1248 2367 1371 2426 secundo
1382 2383 1457 2423 enno
1471 2365 1524 2423 ed·

350 2482 376 2522 eo
387 2468 470 2527 iectis
486 2468 527 2526 XI
543 2469 646 2527 diebus
674 2472 704 2528 et
718 2486 766 2543 qu.
794 2468 913 2528 inuente
939 2471 984 2528 est
998 2468 1057 2529 VII
1072 2469 1099 2527 S.
1121 2468 1149 2527 V
1164 2468 1205 2528 kl.
1221 2468 1310 2543 Apus
1334 2468 1420 2528 tertio
1447 2484 1521 2526 enno

381 2569 480 2627 XVIII
495 2569 560 2629 dod.
577 2569 602 2628 V
617 2571 657 2628 kl.
674 2569 785 2644 April.:
808 2573 909 2644 qnerto
924 2588 999 2630 enno
1014 2570 1092 2628 XXX
1109 2570 1134 2629 V
1148 2571 1189 2630 kl.
1204 2571 1295 2644 Apu:
1318 2570 1419 2645 quinto
1445 2587 1520 2629 enno

383 2672 424 2729 XI
440 2689 502 2744 qu.:
527 2674 608 2731 sexto
635 2690 709 2733 enno
726 2673 809 2731 XXII
824 2674 868 2732 S.:
891 2673 1013 2746 septimo
1040 2691 1115 2732 enno
1131 2673 1179 2731 III
1193 2673 1276 2733 dod:
1300 2677 1401 2734 octeno
1422 2675 1518 2732 entem

381 2790 454 2833 enno
470 2774 589 2834 iuuenta
604 2778 649 2834 est
663 2774 715 2835 XV
737 2775 762 2833 V
777 2769 932 2849 kalyAm,
948 2776 1043 2848 quelis
1058 2776 1088 2835 in
1104 2777 1246 2851 principio
1262 2776 1357 2835 fueret
1371 2774 1456 2834 fecte.
1527 2823 1532 2844 ,

424 2876 487 2935 Hac
513 2876 612 2950 itaque
638 2877 750 2937 ratione
775 2894 831 2936 non
856 2896 909 2937 sue
934 2877 985 2936 sed
1006 2878 1061 2937 Dei
1082 2878 1227 2952 sapientie
1241 2877 1377 2937 instructi
1391 2874 1546 2936 Hebraei?

345 2976 457 3037 sscirce
484 2994 599 3037 cursum
624 2978 712 3037 lunee
738 2978 819 3038 iuxtu
844 2979 972 3054 regulam
998 2979 1120 3054 primam
1151 2980 1323 3058 Graecorum
1353 2995 1430 3038 more
1460 2980 1518 3036 Ae·

449 3161 464 3212 1
483 3163 582 3228 quurte
599 3159 656 3215 diei
674 3161 740 3216 odd
762 3161 802 3217 W
873 3162 891 3215 4
909 3161 954 3216 sed
972 3162 1100 3231 quintum
1119 3163 1156 3216 ki
1175 3165 1257 3217 mart.
1277 3162 1483 3216 inmittuntnrb

378 3244 461 3312 primi
480 3246 495 3298 b
667 3247 686 3300 8
704 3248 722 3300 S
742 3246 870 3314 (semissis
888 3253 995 3313 notam)
1013 3249 1058 3304 nse
1076 3254 1101 3302 ct
1120 3248 1188 3302 Iocis
1201 3249 1341 3316 menimis
1358 3246 1423 3300 add.
1446 3246 1484 3300 W

379 3328 396 3381 9
415 3329 555 3385 duodecIm
574 3348 680 3400 quoque
697 3334 740 3397 W,
757 3332 814 3386 XII
832 3333 921 3387 deciae
940 3334 1041 3400 quereb
1146 3334 1286 3388 mensesb
1390 3333 1425 3387 10
1441 3330 1516 3385 XXX

383 3415 428 3481 W,
447 3414 571 3471 XXXIb
685 3422 784 3486 quartu
803 3418 841 3473 W
954 3420 985 3472 ll
1005 3420 1166 3487 quertumb
1292 3419 1327 3472 14
1345 3416 1433 3487 primu
1450 3417 1483 3471 bn

378 3502 494 3568 qunmb
623 3503 771 3572 usigitur]
790 3504 914 3572 itsqucc
1044 3505 1078 3558 16
1096 3504 1262 3574 proceditur]
1280 3502 1482 3574 preeoIdeturc

379 3586 411 3638 18
429 3586 457 3638 in
477 3589 608 3652 quertec
764 3588 788 3641 V
805 3589 844 3641 kl.
865 3603 921 3656 epr.
941 3587 991 3641 XV
1009 3588 1113 3642 decime
1131 3590 1157 3654 t,
1175 3589 1205 3642 iu
1224 3590 1427 3658 aequinoctium
1446 3587 1515 3641 VIII

376 3670 430 3724 imi.
450 3687 507 3741 spr.
527 3670 578 3724 XV
596 3687 611 3726 c
724 3673 758 3726 19
776 3689 819 3742 qu.
840 3680 883 3743 (=
897 3673 1056 3744 quadrante)
1075 3673 1140 3729 aad.
1165 3675 1208 3740 W,
1227 3689 1279 3730 one
1298 3675 1330 3730 bo
1346 3675 1391 3730 hs'c
1408 3680 1434 3728 ct
1449 3689 1515 3742 pro·

375 3758 460 3810 mmo
477 3757 544 3810 locis
648 3756 714 3822 Vb,
732 3758 833 3814 VIIIc
942 3760 1046 3816 ideme
1079 3773 1082 3778 ·
1156 3760 1281 3831 adiectis]
1300 3760 1481 3815 subtractisc

374 3843 410 3896 20
426 3841 465 3894 XI
483 3840 579 3896 dicbus
596 3846 625 3895 et
642 3843 666 3907 b,
685 3843 776 3898 decem
794 3847 823 3898 et
839 3861 970 3901 nouemc
1082 3846 1134 3901 VII
1153 3846 1181 3902 S.
1200 3848 1225 3913 b,
1243 3846 1332 3900 VIIe
1433 3844 1514 3898 Vkl.

375 3943 432 3995 epr.
451 3943 536 3982 onec
685 3929 719 3982 21
739 3927 799 3983 dod.
818 3930 882 3984 odd.
906 3933 951 3999 W,
968 3949 1019 3987 one
1038 3933 1070 3986 bc
1218 3932 1299 3989 Vkl.
1318 3947 1376 4002 epr.
1395 3947 1480 3986 ome

376 4015 473 4080 qnerto
490 4011 574 4067 XXX.
594 4015 690 4081 quinto
708 4013 756 4068 XI.
785 4018 857 4070 sexto
874 4015 965 4072 XXII.
994 4018 1111 4087 septimo
1130 4019 1183 4074 III.
1201 4022 1297 4074 octeno
1325 4020 1417 4073 entem
1444 4032 1513 4072 enno

375 4096 487 4152 inuenta
513 4101 554 4152 est
571 4097 622 4151 XV
647 4101 736 4167 qualis
754 4101 784 4155 in
807 4101 939 4170 principio
957 4103 985 4157 iu
1004 4104 1206 4159 firmamentum
1229 4105 1297 4159 coeli
1315 4103 1407 4159 fueret
1424 4105 1514 4173 posite

375 4182 443 4237 VIII
462 4183 498 4236 ki.
518 4199 573 4253 spr.
592 4182 651 4237 1111
669 4182 773 4242 feries
875 4187 910 4240 24
927 4188 1040 4257 ratione]
1055 4189 1162 4245 iectec
1266 4191 1376 4246 hebraei
1393 4205 1478 4245 om.c

375 4270 410 4325 25
427 4271 549 4326 lunarem
567 4287 600 4328 co
704 4271 949 4329 imre...1meroe
966 4290 1018 4330 om.
1037 4276 1054 4330 b
