3720 4920
821 353 987 410 (termine

529 511 667 571 Gentibus
681 511 807 586 iniustis,
823 512 908 571 corde
922 512 953 571 in
968 512 1033 586 quis
1048 511 1120 571 durs
1134 513 1264 572 timorem

447 613 508 674 165
530 615 685 674 Deseruere
698 613 762 685 Dei,
784 613 920 674 eoelestis
934 614 998 673 iure
1012 613 1106 674 uereri

529 717 619 790 Inque
633 734 720 776 unum
734 733 830 775 rerum
843 716 994 776 Dominum
1008 733 1123 790 sperare
1138 717 1290 777 docebunt.

775 1268 831 1325 111.
858 1268 909 1325 DE
932 1268 1036 1327 IONA.

532 1485 607 1565 Post
620 1505 770 1564 sodomum
785 1506 815 1563 et
830 1505 978 1565 Gomerum
993 1507 1120 1565 uiuentis
1134 1507 1236 1566 funere
1249 1508 1279 1566 in
1294 1524 1404 1580 aeuum,

533 1609 572 1666 Et
586 1608 713 1667 cinerum
728 1607 806 1666 senio
822 1607 937 1680 signeto
954 1608 1084 1666 incendis
1099 1625 1215 1681 poenes,

532 1710 570 1767 Et
585 1708 695 1767 frustra
709 1708 779 1767 solis
794 1708 883 1767 oculis
897 1710 1045 1768 nascentia
1059 1727 1151 1782 poma,

533 1811 572 1869 Et
585 1810 695 1884 puriter
709 1810 780 1869 facti
801 1814 921 1869 mortem
936 1811 1025 1870 maris
1040 1815 1071 1870 et
1081 1811 1152 1871 selis
1167 1813 1239 1884 illic,

489 1914 509 1971 5
531 1912 561 1970 Si
576 1911 645 1986 quid
659 1912 743 1970 homo
758 1914 803 1969 est
817 1929 936 1984 poenam
950 1915 1059 1970 mutato
1075 1929 1190 1986 corpore
1204 1929 1332 1986 seruiens,

534 2015 628 2073 Peene
644 2014 718 2072 elios
732 2014 810 2086 ignis
825 2014 920 2086 superi
935 2015 1097 2073 decesserat
1112 2014 1211 2074 imbris

535 2116 611 2174 Vrbs
626 2115 709 2188 aequi
724 2115 849 2188 iustique
865 2115 941 2173 iriam
955 2118 1134 2188 transgresso
1149 2116 1264 2175 Niniue.

537 2217 688 2291 Numquis
703 2219 855 2276 subuersae
870 2218 958 2277 menti
975 2221 1089 2277 metus?
1106 2219 1200 2277 omniu
1214 2220 1303 2293 uulgo

536 2318 695 2377 Poenarum
711 2321 879 2377 documento
893 2322 995 2378 escam
1010 2320 1057 2378 ubi
1074 2319 1200 2392 possidet
1214 2337 1302 2381 error.

476 2422 516 2479 10
537 2420 577 2478 At
591 2421 681 2479 bonus
697 2424 726 2480 ot
741 2419 831 2480 nostri
846 2421 958 2492 patiens
973 2423 1003 2479 et
1017 2421 1140 2494 plectere
1154 2439 1239 2481 serus

534 2521 720 2595 Omnipotens
736 2523 874 2581 Dominus
889 2522 996 2580 nullum
1012 2521 1183 2582 iaculabitur
1198 2523 1281 2594 irem,

533 2624 572 2681 Ni
585 2624 666 2697 prius
681 2626 831 2683 admoneat
845 2624 1001 2697 (iurataque
1017 2627 1130 2696 pectore
1144 2625 1251 2698 pulset,

532 2726 692 2797 Praescgos
707 2726 821 2798 agiteris
837 2728 959 2797 auguste
980 2730 1073 2783 mente
1088 2728 1255 2799 prophetes.

415 3026 466 3080 164
483 3024 563 3078 corde
584 3025 612 3077 in
631 3025 692 3092 quis
711 3026 746 3086 A,
764 3023 993 3092 6616661ᾱαῖ16,
1015 3025 1075 3093 quis
1098 3040 1207 3094 corpore
1224 3025 1260 3088 Β,
1284 3025 1343 3092 quis
1361 3027 1468 3094 pectore

345 3110 417 3165 cossi.
439 3110 577 3166 Cauchius
697 3108 800 3162 obduro
816 3109 865 3163 Ηυ
973 3110 1023 3162 165
1040 3125 1061 3162 6.
1084 3109 1145 3162 iure
1162 3110 1248 3163 uereri
1266 3110 1331 3173 ΑΗ,
1350 3108 1382 3162 16
1400 3111 1472 3164 ceole

346 3197 419 3250 iuret
436 3197 522 3249 uereri
539 3195 574 3258 R,
593 3195 719 3248 coelestis
738 3196 797 3248 iure
814 3195 918 3248 tuorie
1014 3195 1064 3247 166
1082 3195 1196 3263 sperare]
1215 3210 1306 3248 curere
1318 3194 1382 3256 Ali,
1399 3211 1472 3264 spee-

345 3265 443 3336 ere's.
465 3309 496 3320 -
515 3280 555 3333 ns
572 3279 693 3333 coronis
710 3279 865 3346 expressum
880 3278 913 3341 s,
931 3278 1049 3344 express
1067 3277 1100 3331 oe
1118 3278 1232 3332 mione
1250 3265 1296 3331 us}
1309 3277 1418 3333 curvi
1430 3279 1470 3344 Η,

347 3366 500 3436 Explieiunt
517 3381 609 3419 uersus
627 3363 754 3435 Cypriani
772 3363 804 3417 de
823 3362 935 3418 Sedoim
955 3363 990 3419 R.
1010 3393 1044 3403 -

414 3459 455 3513 De
477 3460 545 3514 lonc
563 3462 588 3511 A
606 3461 650 3525 (=
673 3459 823 3513 Vossianus
845 3458 892 3510 lot.
909 3462 960 3524 86;
985 3458 1020 3524 cs.
1045 3458 1078 3512 L.
1098 3458 1203 3512 Miller
1226 3458 1305 3512 Mite.
1328 3457 1418 3512 Rom.
1438 3461 1476 3512 22

342 3560 374 3613 p.
396 3548 466 3610 340),
485 3545 555 3598 Item
576 3528 703 3598 ttulisni
735 3543 830 3596 dcionc
847 3543 977 3611 prophete
999 3549 1025 3597 Δ
1048 3545 1093 3609 (=
1115 3543 1173 3597 eod.
1202 3543 1417 3599 Vindobonensis
1441 3549 1476 3599 16

347 3647 416 3686 saec.
436 3632 505 3699 IX),
529 3632 641 3687 Carmen
663 3631 695 3684 de
719 3631 786 3684 Ione
808 3632 836 3682 et
854 3629 953 3683 Niniue
978 3630 1090 3683 Iuretuo
1107 3630 1248 3698 inscripsit
1265 3631 1314 3699 qui
1331 3645 1366 3684 es
1383 3630 1473 3685 codice

349 3716 383 3770 P.
409 3716 519 3771 Pitheci
540 3717 651 3785 primm
677 3716 727 3770 isco
753 3731 863 3769 carmen
891 3715 978 3768 edidit
1005 3715 1082 3781 (bibt
1106 3722 1181 3782 patr.
1211 3720 1273 3769 tom.
1307 3713 1413 3782 VIII).
1441 3744 1476 3755 ·—

349 3801 535 3871 lgomorrum
554 3808 579 3854 Δ
689 3801 841 3855 26166166
860 3801 887 3853 A
995 3799 1098 3853 ttscti
1115 3800 1169 3855 Aa
1278 3800 1397 3869 opoene
1414 3800 1442 3853 A

346 3888 448 3940 muteti
471 3887 571 3941 Ostier
680 3888 796 3956 iipoene
814 3886 841 3939 A
943 3887 1055 3954 ignese
1163 3885 1271 3938 'iuism
1288 3887 1349 3950 ΑΔ,
1368 3885 1477 3939 fuerent

347 3970 406 4026 eod.
420 3972 539 4036 Pitheci,
556 3971 645 4026 forum
656 3972 703 4026 cel
720 3972 868 4025 finesconi.
881 3972 1014 4026 Pithoeus
1116 3970 1211 4024 nineue
1224 3971 1277 4024 ΑΔ
1379 3971 1476 4039 8quis

349 4063 383 4120 Δ,
400 4058 447 4125 qui
464 4061 491 4111 A
617 4058 750 4111 9uscsnt
768 4064 801 4120 Δ,
819 4059 916 4111 nocent
933 4057 961 4110 A
1083 4071 1140 4108 erro
1158 4057 1185 4109 A
1313 4054 1348 4109 10
1365 4054 1399 4109 sd
1416 4057 1444 4108 A

349 4145 377 4196 et
391 4143 507 4213 plectere
525 4161 547 4199 s.
565 4159 590 4198 o.
608 4143 732 4198 dominus
749 4160 799 4198 one
819 4144 846 4197 A
980 4144 1012 4197 13
1030 4143 1145 4211 anguste
1163 4143 1277 4198 Inritus
1413 4157 1475 4211 pro·

349 4228 459 4297 phetam
475 4232 534 4286 cod.
552 4231 626 4285 Pith.
