3720 4920
797 826 827 885 11
856 826 1016 888 SODOMA.

536 1005 602 1086 Iam
616 1027 693 1087 Deus
707 1028 887 1102 omnipotens
900 1029 1039 1103 primaeui
1054 1032 1175 1090 crimina
1188 1033 1276 1092 saecli

535 1129 653 1190 Vindice
669 1130 778 1191 diluuio
792 1131 904 1191 cunctis
918 1133 1083 1193 aboleuerat
1097 1136 1192 1206 undis,

534 1231 608 1300 Quot
622 1233 732 1292 caelum
745 1235 865 1308 spargit,
882 1238 960 1295 terra
974 1237 1091 1309 euomit,
1103 1239 1203 1311 expuit
1216 1254 1333 1314 aequor,

534 1333 681 1393 Hactenus
696 1339 726 1395 et
739 1335 849 1408 liquido
864 1354 968 1411 poenas
983 1340 1134 1399 decernere
1156 1343 1257 1414 pactus

492 1434 511 1492 5
534 1436 661 1508 Excidio,
672 1438 805 1510 quotiens
820 1438 941 1499 hiemem
955 1441 1126 1501 conduceret
1140 1459 1199 1514 aer,

531 1537 689 1599 Frenandis
703 1541 816 1600 uarium
829 1543 936 1616 pluuiis
951 1545 1135 1604 mandauerat
1149 1563 1245 1606 arcum

533 1641 678 1714 Purpureo
693 1645 722 1701 et
736 1643 823 1702 uiridi
837 1645 997 1717 signantem
1011 1646 1110 1706 nubila
1123 1647 1219 1707 limbo.

537 1741 624 1801 Iridis
640 1743 669 1801 in
685 1761 798 1816 nomen,
813 1746 929 1819 propria
942 1749 988 1805 est
1001 1764 1074 1820 quse
1089 1748 1180 1807 fibula
1193 1748 1308 1811 nimbis.

578 1845 632 1903 Sed
647 1845 773 1904 recidiua
787 1846 932 1906 hominum
947 1849 1056 1919 pariter
1070 1866 1133 1908 cum
1148 1855 1232 1923 gente
1247 1854 1372 1913 secunda

472 1945 513 2002 10
534 1945 671 2017 Impietas
686 1945 845 2021 iterumque
861 1949 930 2008 mali
944 1967 1019 2009 noua
1031 1951 1157 2024 pullulat
1171 1955 1261 2024 aetas,

535 2046 678 2119 Supplieio
693 2047 750 2106 iam
764 2064 821 2107 non
836 2048 941 2109 imbres
952 2052 1065 2122 sortita,
1080 2052 1132 2112 sed
1142 2054 1238 2127 ignes:

534 2148 580 2207 Sic
593 2148 742 2208 Sodomurn
758 2152 863 2209 meruit
876 2152 965 2211 tellus
980 2153 1146 2212 ardentibus
1161 2154 1205 2212 uri

532 2249 655 2310 Roribus
669 2254 699 2309 et
714 2251 780 2310 finis
794 2254 963 2326 portendere
978 2254 1063 2328 signa
1076 2255 1177 2314 futuri.

534 2351 629 2411 Effera
642 2352 768 2413 luxuries
783 2353 846 2413 illic
860 2355 974 2415 inimica
987 2356 1088 2429 pudori

474 2453 512 2510 15
534 2453 630 2511 Instar
645 2453 719 2526 legis
734 2457 808 2526 orat,
831 2455 943 2529 fugeret
957 2475 1042 2531 quam
1056 2458 1203 2531 praescius
1218 2459 1331 2534 hospes,

535 2555 610 2614 Ante
622 2573 710 2630 penes
726 2556 874 2631 Scythicas
888 2559 936 2617 uel
951 2561 1026 2632 apud
1041 2559 1183 2620 Busiridis
1198 2579 1262 2621 aras

418 2871 557 2942 Incipiunt
578 2890 670 2929 uersus
689 2875 807 2943 cipriani
831 2875 864 2930 de
881 2877 994 2931 Sodoma
1011 2878 1051 2941 Β,
1075 2878 1237 2947 opusculum
1255 2878 1416 2933 Tertulliani
1433 2879 1466 2933 de

347 2958 448 3013 excidio
472 2958 600 3014 Sodomae
622 2963 650 3013 et
665 2959 766 3015 Niniue
783 2961 827 3025 H,
846 2960 879 3015 In
902 2962 996 3015 christi
1018 2963 1127 3016 nomine
1149 2963 1246 3032 incipit
1267 2962 1385 3018 dictatus
1403 2964 1465 3017 'l'er-

346 3044 459 3098 tuli-ani
481 3045 592 3098 metrica
616 3049 675 3098 arto
702 3047 861 3100 constrictus
888 3047 1011 3116 inprimis
1038 3048 1071 3101 do
1094 3048 1215 3102 incendio
1238 3048 1411 3103 Sodomorum
1438 3051 1465 3103 A

345 3133 389 3195 (ε
408 3129 465 3183 cod.
483 3129 501 3182 t.
528 3129 676 3184 Vossianus
695 3129 726 3199 Q.
744 3134 781 3184 86
797 3131 847 3195 sot.
870 3135 904 3184 81
922 3149 960 3199 sq.
985 3133 1065 3186 caius
1085 3135 1237 3200 scripturus
1255 3134 1411 3201 publicauit
1429 3134 1463 3188 L.

345 3215 452 3269 Molles
468 3215 542 3269 Mos.
560 3217 646 3270 thot
665 3219 735 3270 1867
748 3232 819 3286 pop„
831 3219 885 3271 329
902 3218 960 3286 sp).
979 3248 1012 3257 —
1031 3219 1046 3271 1
1065 3218 1177 3285 primeui
1195 3217 1230 3281 Β,
1253 3219 1382 3286 primiqni
1400 3219 1433 3272 Η

345 3301 460 3355 crimina
477 3303 512 3365 A,
530 3304 651 3369 tempora
667 3300 744 3355 HRo
859 3304 877 3354 3
894 3302 963 3369 quod
980 3303 1016 3365 A,
1035 3318 1102 3370 quas
1118 3303 1195 3357 HRo
1306 3301 1412 3372 spargit
1428 3302 1463 3365 A,

346 3387 446 3455 sparsit
463 3388 515 3449 Ro,
533 3403 581 3455 par
598 3387 636 3439 sit
652 3387 686 3439 Η
848 3389 935 3440 terras
952 3389 1038 3440 uomit
1055 3389 1090 3451 A,
1109 3389 1195 3440 terrae
1213 3387 1296 3440 maris
1313 3387 1396 3450 HRo,
1415 3402 1464 3440 em.

347 3472 455 3526 meon
550 3473 693 3526 dattenus
710 3472 737 3524 A
818 3472 856 3540 st]
873 3470 946 3525 hand
963 3471 1099 3526 Morcb'os
1116 3477 1176 3526 cto
1259 3470 1396 3525 orienes
1413 3487 1431 3524 o

345 3557 499 3613 conduceret
516 3558 551 3620 A,
575 3574 634 3611 curn
652 3555 832 3611 introduceret
848 3557 883 3610 H
898 3557 1025 3624 (trost
1042 3573 1076 3610 aa
1094 3558 1133 3625 2),
1152 3572 1211 3610 curn
1228 3557 1350 3610 inducero
1368 3556 1402 3619 Β,
1421 3555 1463 3608 in-

347 3644 489 3698 ducereto
576 3659 621 3698 aer
638 3643 667 3699 Β
683 3644 730 3697 sed
747 3661 765 3698 a
782 3646 814 3697 io
830 3660 885 3697 rus.
974 3645 990 3698 7
1007 3659 1136 3712 pnrporoo
1152 3644 1180 3697 A
1267 3642 1386 3711 Byridis
1403 3643 1430 3697 A

344 3729 383 3798 in]
402 3730 510 3792 hnico;
527 3745 559 3783 en
576 3745 673 3783 numen
691 3731 762 3784 cont
780 3730 893 3793 Mittter,
910 3729 974 3783 bino
989 3744 1086 3783 nornen
1101 3728 1168 3792 sort
1286 3727 1397 3781 fimbnla
1414 3727 1466 3792 12¹,

345 3814 439 3868 iabnla
456 3815 483 3868 A
574 3815 606 3868 11
625 3814 756 3884 supplicio
774 3815 810 3879 A,
827 3815 929 3869 excidio
947 3814 1021 3868 Hlto
1121 3813 1232 3868 imbrem
1249 3813 1278 3868 Β
1377 3812 1464 3881 ignes]

345 3899 445 3954 imbros
462 3900 490 3955 Β
625 3900 658 3954 13
675 3899 779 3954 roribus
796 3901 868 3966 ΔΗ,
885 3899 989 3954 foribus
1008 3900 1047 3965 Β,
1064 3899 1168 3954 facibus
1186 3898 1334 3962 Montius,
1349 3897 1465 3952 flammis

348 3985 508 4050 Fabricius,
532 3985 649 4040 fascibus
675 3987 819 4052 Cauchius,
842 3986 956 4040 iactibus
982 3986 1141 4040 Gronoos‘us
1166 3986 1276 4041 Otreres.
1289 4001 1321 4052 p.
1338 3986 1393 4039 ⁶72
1409 3982 1464 4050 (ed.

346 4071 503 4138 Frotscter)
601 4069 762 4139 pontendsre
778 4072 822 4126 Η*
912 4071 1006 4125 futura
1022 4073 1050 4124 A
1142 4070 1176 4124 14
1192 4068 1286 4138 pudori
1303 4069 1339 4134 A,
1358 4066 1464 4136 pudoris

346 4156 441 4220 Ε’Βυ,
458 4155 565 4226 podoris
583 4156 625 4212 11¹
774 4157 808 4210 16
824 4171 904 4225 penos
920 4157 956 4219 A,
973 4156 1018 4209 uel
1036 4155 1070 4209 ad
1088 4155 1162 4210 HRo
1305 4153 1412 4208 sciticas
1428 4150 1465 4216 R,

345 4243 459 4311 scyticas
475 4243 511 4296 Η
523 4258 555 4310 cy
572 4244 604 4297 iss
619 4257 684 4308 ras,
702 4242 823 4310 spthicas
841 4243 868 4295 A
969 4240 1091 4294 butiridis
1107 4240 1142 4293 Η

445 4347 487 4394 111
501 4347 523 4394 Δ
1218 4329 1257 4388 19
