3720 4920
401 373 464 434 206
644 386 646 391 ·
871 367 1055 437 Appendix.

400 526 526 585 tionibus
540 526 711 600 appetitur?
741 529 792 584 eut
818 525 931 584 illorum
957 527 1013 585 erit
1027 526 1140 587 sincere
1154 525 1323 586 fraternitas
1337 526 1528 595 aestimanda,

400 628 561 702 dequibus
583 626 659 686 filiae
674 628 776 686 matris
806 627 942 686 eeclesiae
967 628 1161 701 perducuntur
1187 627 1217 685 in
1244 627 1377 701 culpam?
1408 627 1434 685 si
1460 626 1529 686 telis

400 731 558 791 christiane
572 731 679 790 caritas
693 731 858 801 adnotatur,
874 730 1070 790 indubitanter
1081 731 1146 788 odie
1160 729 1277 789 meliora
1291 731 1359 788 sunt
1371 744 1445 802 quae
1460 730 1527 787 dum

400 838 535 907 separant
550 834 691 891 neminem
706 832 860 891 meeulant.
892 832 963 890 baec
977 833 1073 891 eutem
1088 831 1268 905 parricidalis
1290 830 1406 890 dilectio
1423 829 1528 889 iratres

398 937 594 1009 persecutores
608 935 735 992 adunare
750 934 914 1005 consueuit,
941 932 991 1006 qui
1016 933 1139 991 libenter
1165 933 1314 1005 patiuntur
1341 933 1376 990 de
1392 948 1444 990 suo
1458 947 1548 990 oon-s

398 1037 487 1096 sortio
513 1036 589 1096 lilius
615 1036 753 1095 ecclesiae
783 1035 953 1094 iomicarias
978 1036 1121 1094 diffamari
1148 1039 1247 1093 contra
1271 1035 1420 1093 caritatem
1443 1051 1529 1109 quern

398 1140 669 1212 Paulusspostolus
684 1137 782 1199 docuit
797 1138 910 1197 dicens:
941 1137 1096 1196 dilectio
1123 1136 1280 1210 proximi
1306 1137 1438 1195 malum
1459 1153 1527 1196 non

399 1243 584 1316 operetur.
608 1241 726 1315 egregie
748 1240 878 1314 probatio
894 1239 1039 1311 caritatis,
1068 1257 1140 1312 quae
1154 1257 1210 1298 nou
1226 1243 1338 1297 tantum
1360 1238 1444 1297 noxie
1458 1255 1526 1311 ger·

399 1343 537 1401 manitete
553 1343 644 1401 officit
658 1342 803 1415 proximo,
831 1342 883 1400 sed
898 1340 984 1399 etiem
999 1341 1128 1399 subiecta
1143 1357 1198 1399 non
1214 1341 1276 1400 nult
1291 1357 1354 1400 esse
1369 1341 1527 1415 praescrip·

397 1444 524 1504 tionibus
548 1444 720 1518 apostolicae
736 1442 882 1502 iussionis.
899 1442 1105 1501 confundantur
1120 1443 1280 1502 adsertores
1295 1442 1456 1502 dilectionis
1471 1444 1527 1502 bu·
1538 1459 1562 1497 ro

399 1545 562 1616 iuscemodi,
589 1562 660 1618 quos
687 1544 815 1603 iudicant
841 1544 886 1601 illi
912 1543 961 1617 qui
989 1560 1039 1616 pro
1061 1543 1255 1602 communibus
1271 1544 1425 1603 commodis
1440 1544 1527 1602 etiam

399 1647 636 1721 consanguineam
654 1647 792 1705 deserunt
804 1645 965 1703 caritatem.

346 1748 390 1807 30
442 1749 475 1805 ln
491 1748 565 1807 omni
582 1749 686 1805 mundo
702 1763 791 1820 paene
807 1749 900 1804 totum
915 1747 1043 1804 iunctum
1057 1750 1102 1804 est
1113 1763 1205 1819 genus
1216 1747 1369 1804 humanum
1383 1750 1413 1805 et
1424 1746 1528 1819 ubique

398 1850 529 1922 cognatio
543 1847 686 1907 naturalis
702 1848 816 1907 alterna
830 1845 1060 1921 peregrinatione
1075 1848 1254 1906 discernitur.
1284 1851 1406 1922 possunt
1422 1864 1525 1920 paren·

399 1955 457 2022 tes,
481 1954 601 2025 possunt
616 1951 678 2020 lilii,
695 1951 818 2022 possunt
833 1948 954 2018 fretrus,
978 1951 1098 2021 possunt
1112 1951 1142 2006 et
1157 1949 1213 2020 ipsi
1228 1950 1303 2022 quod
1319 1949 1384 2022 plus
1400 1951 1444 2007 est
1457 1967 1525 2007 con-
1537 1967 1561 2008 ιι

398 2052 480 2125 iuges
495 2069 513 2109 e
527 2051 586 2111 Deo
609 2067 746 2110 concesse
768 2051 825 2108 sibi
841 2053 962 2108 naturae
979 2050 1093 2108 uinculo
1108 2050 1292 2122 disrumpere,
1309 2053 1339 2108 et
1354 2050 1450 2109 clerici
1465 2050 1525 2109 Deo
1622 2123 1623 2127 Ἰ

395 2170 451 2211 non
465 2153 635 2212 concedente
651 2153 769 2225 insuper
785 2152 951 2224 probibente
965 2150 1114 2210 mulierum
1130 2152 1249 2211 neribus
1263 2151 1429 2211 ancillatam
1444 2168 1526 2211 reeu-

396 2270 460 2314 sare
474 2271 531 2314 non
546 2254 643 2313 ualent
659 2253 834 2312 caritatem?
865 2253 990 2326 optendn
1012 2271 1124 2327 semper
1146 2254 1275 2327 cognatis
1290 2255 1459 2313 absentatur
1474 2255 1525 2313 ad·

398 2356 494 2415 finitas
509 2357 710 2430 proximorum,
727 2359 756 2413 et
772 2355 952 2427 peregrinari
975 2355 1011 2413 ab
1034 2356 1175 2413 extraneis
1190 2355 1304 2413 feminis
1319 2355 1418 2414 clerici
1433 2355 1525 2415 reluc-
1603 2394 1605 2398 ,

396 2460 515 2517 tantur?
543 2458 647 2531 quibus
671 2457 834 2516 iaciendum
851 2456 960 2527 luerat,
983 2456 1070 2515 etiem
1086 2458 1113 2514 si
1128 2456 1271 2530 peculiare
1293 2457 1402 2529 aliquid
1419 2458 1465 2516 uel
1480 2458 1525 2515 in·
1537 2478 1563 2519 ιι

396 2562 563 2618 consuetum
576 2558 715 2616 Dominus
731 2557 916 2629 imperasset,
932 2557 981 2630 qui
997 2559 1032 2616 ed
1048 2557 1216 2632 explicanda
1227 2556 1410 2629 inpossibilia
1420 2559 1528 2617 hebent

395 2661 530 2734 spiritum
544 2663 684 2731 sanctum,
708 2677 791 2733 quem
807 2659 944 2717 mundani
960 2659 1087 2718 homines
1102 2677 1157 2718 non
1167 2660 1284 2718 habent.
1303 2661 1376 2718 uude
1386 2660 1527 2719 lohannes

396 2762 747 2835 apostoluseicadmouet
768 2760 883 2819 diceus:
914 2759 1033 2818 iilioli
1061 2760 1202 2820 uincite
1225 2761 1329 2832 illos,
1357 2760 1528 2834 quoniam

395 2863 507 2924 maior
536 2866 591 2922 est
620 2863 684 2937 qni
714 2862 751 2920 in
782 2862 887 2921 uobis
918 2864 975 2921 est
1001 2881 1103 2936 quem
1130 2863 1165 2920 irr
1196 2863 1260 2921 hoo
1286 2863 1424 2923 mundo.
1452 2881 1528 2923 nunc

395 2982 462 3024 uero
491 2964 628 3038 possibile
655 2963 743 3023 etiem
765 2964 902 3036 gentibus
916 2981 973 3022 non
988 2965 1081 3024 dicam
1097 2964 1266 3022 Christianis
1288 2966 1319 3022 et
1333 2964 1397 3022 leue
1412 2964 1523 3038 prospi·
1536 2989 1561 3028 ιι

396 3066 471 3125 citur
486 3069 514 3125 et
529 3068 604 3139 apud
620 3064 737 3125 clericos
752 3065 815 3124 sine
831 3064 900 3124 ullis
915 3065 1064 3124 effectibus
1079 3068 1241 3137 euacuetur,
1266 3068 1299 3124 ut
1313 3083 1414 3138 perum
1430 3066 1470 3123 sit
1484 3065 1526 3124 eis

395 3165 448 3226 Dei
460 3168 594 3225 mandata
604 3167 758 3238 despicere,
774 3167 829 3224 nisi
846 3166 924 3224 aliud
940 3167 1062 3225 dedecus
1077 3168 1210 3238 habeant,
1227 3168 1302 3240 quod
1314 3183 1365 3226 neo
1379 3169 1526 3226 sectantur

396 3285 451 3326 uon
467 3269 557 3327 dicam
573 3269 692 3327 uincunt
708 3269 833 3326 omnium
851 3267 980 3340 gentium
997 3270 1243 3327 consuetudinem:
1267 3268 1372 3342 quibus
1387 3267 1525 3328 Dominus

394 3386 446 3442 per
459 3369 591 3428 Ezechiel
608 3369 761 3441 exprobrat
776 3372 806 3428 et
820 3369 906 3428 dicit:
931 3368 966 3427 in
993 3369 1187 3444 legalibus
1215 3370 1302 3429 meis
1325 3388 1394 3430 non
1409 3370 1525 3429 embu·

394 3471 508 3531 lastis
538 3475 572 3531 et
601 3471 1101 3532 iustificationosmeeenon
1131 3472 1293 3545 fecistis,
1323 3473 1386 3532 sed
1409 3491 1559 3548 nequeso

394 3577 590 3635 secundum
620 3575 929 3635 iustificationes
965 3576 1129 3649 gentium
1159 3594 1248 3649 queo
1281 3579 1367 3635 sunt
1397 3576 1433 3634 in
1456 3577 1524 3636 cir-

462 3783 478 3835 ι
497 3782 571 3834 nem.
592 3782 633 3849 re,
655 3783 694 3835 ro.
800 3780 835 3834 re
854 3779 866 3833 1
886 3779 925 3834 ιο.
943 3781 969 3845 r,
987 3781 1013 3834 4.
1116 3783 1150 3835 se
1169 3782 1212 3836 er.
1231 3784 1256 3846 e,
1273 3783 1297 3835 r.

462 3989 630 4055 ilprorimos
650 3987 673 4041 G
690 3988 738 4054 (cs.
759 3989 843 4044 Lacr.
861 3993 889 4053 2,
908 3992 970 4054 155)
1112 3987 1144 4040 10
1161 3989 1314 4056 coangelice
1333 3989 1377 4042 uel
1395 3990 1523 4057 spostoli-

392 4087 438 4125 cee
461 4071 484 4126 O
672 4073 866 4144 huiuscemodi]
891 4075 1000 4128 huiusce
1018 4100 1097 4129 m·
1121 4073 1143 4127 0
1338 4076 1371 4128 17
1389 4098 1448 4126 m
1466 4091 1524 4128 mn·

392 4157 535 4211 lienum-s
557 4159 580 4213 0
717 4159 874 4214 ancillatam
894 4160 937 4213 uel
956 4160 1124 4229 conpeditsm
1147 4160 1170 4214 0
1309 4160 1342 4212 18
1359 4174 1412 4212 non
1432 4159 1524 4214 uslent

391 4258 544 4296 reeusaree
647 4244 680 4298 27
699 4248 825 4299 secantur
846 4245 879 4301 0¹
984 4245 1017 4300 29
1035 4244 1226 4299 ezechieleme
