3720 4920
840 377 1002 434 (termine

542 539 621 598 Tunc
635 540 661 599 si
677 556 750 613 quse
765 554 800 598 ex
815 538 875 600 illis
890 540 1008 614 delapsu
1021 542 1168 615 putamina
1182 542 1271 603 rumis

542 642 581 700 Et
595 642 693 703 dulces
708 642 800 702 multo
815 644 946 702 rorantes
960 645 1075 701 nectere
1090 643 1212 716 fructus,

543 744 717 817 Vescuntur,
733 761 817 804 ueros
831 730 966 818 optantes
980 761 1092 805 sumere
1107 747 1237 807 fructus:

477 845 518 904 45
583 847 661 920 Ergo
676 847 725 905 ubi
742 847 895 906 caelestem
910 849 1046 919 ceperunt
1060 865 1110 906 cre
1126 865 1267 923 saperem,

540 950 712 1008 Permutunt
727 950 837 1009 animes
853 952 883 1007 et
898 952 1007 1008 mentes
1022 951 1140 1023 perdere
1155 968 1259 1010 auarus

542 1050 690 1124 Incipiunt
705 1050 838 1124 dulcique
854 1051 998 1109 homiuem
1013 1068 1182 1123 cognoscere
1196 1070 1294 1113 sensu.

539 1152 695 1212 Insolitum
711 1152 810 1212 multis
826 1153 1004 1212 stomachum
1020 1154 1146 1214 mouisse
1162 1172 1293 1229 superem

540 1253 673 1313 Vidimus
688 1257 718 1314 et
733 1254 812 1314 fellis
827 1258 996 1315 commotum
1011 1255 1096 1315 melle
1112 1274 1261 1328 uenenum,

477 1357 520 1415 50
542 1356 687 1416 Reiecissc
702 1357 792 1415 bonos
807 1357 924 1416 turbate
939 1362 1033 1417 mente
1049 1376 1175 1431 superes,

539 1459 600 1517 Aut
615 1459 698 1517 auide
714 1461 860 1532 sumptum
871 1476 928 1518 nen
943 1461 1076 1519 dilexisse
1092 1462 1198 1535 diuque

540 1560 579 1618 Et
594 1561 669 1618 mele
681 1563 812 1634 potatum
826 1562 943 1620 tandem
958 1562 1118 1621 euomuisse
1134 1580 1275 1637 superem.

539 1661 629 1735 Saepe
645 1661 760 1735 quidem
775 1662 860 1722 multi
875 1662 1018 1722 rennuatis
1033 1665 1177 1723 mentibus
1192 1682 1294 1740 aegros

539 1764 705 1822 Restituere
721 1764 832 1822 animos
848 1768 878 1823 et
892 1781 965 1836 quee
980 1781 1011 1823 se
1025 1782 1109 1838 pesse
1125 1768 1269 1839 negabunt

476 1864 516 1922 55
538 1865 724 1924 Pertulerunt
739 1865 920 1937 fructumque
936 1866 981 1924 sui
997 1880 1096 1938 cepere
1110 1866 1229 1926 laberis.

538 1967 624 2026 Multi
639 1966 727 2026 etium
743 1970 858 2026 sanctos
872 1967 936 2025 ausi
949 1969 1112 2041 contingere
1127 1969 1223 2028 fontes

537 2065 703 2129 Discessere
718 2070 822 2128 itemm
837 2069 933 2129 subite
947 2073 1080 2143 retroque
1094 2071 1201 2144 relepsi

540 2172 678 2230 serdibus
692 2175 723 2230 et
737 2189 824 2232 ceene
839 2173 921 2231 mixti
936 2172 1093 2232 uoluuntur
1107 2174 1216 2233 eedem.

540 2272 627 2330 Multi
643 2289 742 2332 uerum
757 2275 831 2332 benc
846 2277 992 2346 pertentes
1007 2275 1119 2346 pectore
1135 2275 1205 2333 totis

479 2374 529 2431 60
543 2374 698 2444 Accipiunt
713 2374 817 2432 animis
832 2376 1001 2448 penitusque
1016 2375 1046 2433 in
1061 2376 1172 2434 uiscera
1186 2377 1320 2437 cendunt.

573 2476 651 2547 Ergo
667 2475 772 2549 quique
788 2493 884 2536 sacres
900 2479 1021 2549 pessunt
1035 2478 1167 2537 accedere
1182 2479 1279 2539 fontes

540 2577 670 2651 Septima
684 2577 734 2635 lux
749 2577 817 2636 illos
832 2581 945 2650 optatus
961 2578 1039 2637 sistit
1054 2579 1090 2636 ad
1105 2579 1206 2650 undas,

542 2675 674 2753 Tingunt
688 2679 719 2737 in
734 2679 853 2753 liquidis
870 2680 980 2738 ieiunos
994 2679 1122 2739 fontibus
1136 2684 1233 2739 artus:

538 2783 585 2841 Sic
600 2783 713 2840 denium
728 2782 866 2840 inluuiem
880 2783 985 2841 mentis
1000 2782 1133 2854 uitaeque
1147 2782 1252 2855 prioris

478 2885 518 2945 65
540 2885 694 2960 Deponunt
707 2885 802 2944 labem
816 2901 959 2959 purusque
974 2902 992 2944 a
1006 2888 1096 2944 morte
1112 2886 1253 2945 reducunt

539 2988 682 3047 Inlustres
697 2989 807 3047 enimus
822 2989 952 3061 caelique
966 2989 1002 3047 ed
1018 2989 1113 3047 lumen
1129 2990 1230 3047 ituras.

416 3323 451 3376 42
468 3324 528 3375 tum
546 3323 633 3391 siqui
652 3323 744 3377 Aldus
859 3323 894 3376 43
912 3322 1011 3375 multos
1028 3323 1118 3376 urenti
1136 3323 1200 3376 EM
1321 3323 1426 3378 fruetus
1444 3324 1482 3387 E,

348 3406 454 3461 frondes
472 3409 507 3461 M
525 3415 552 3461 ct
571 3409 721 3462 Fabiiciue
789 3409 825 3462 44
841 3424 905 3462 uem
924 3410 988 3463 EM
1056 3411 1191 3478 optentus]
1211 3413 1339 3478 exoptent
1357 3410 1449 3465 Aldus

346 3507 482 3546 assumere
499 3493 541 3546 Ει
667 3495 703 3548 46
721 3510 817 3548 acures
835 3510 871 3547 ex
888 3510 967 3547 nurus
984 3494 1015 3547 Ε
1029 3510 1063 3546 m.
1082 3498 1103 3547 2
1234 3496 1269 3549 47
1287 3495 1478 3565 incipiunt...

346 3592 420 3630 uere.
438 3580 473 3631 53
491 3594 612 3646 euperem
630 3595 682 3631 ons.
701 3580 766 3631 ΕΜ
894 3580 930 3632 48
948 3579 1060 3633 insolito
1079 3580 1222 3633 Pumclius
1361 3596 1482 3649 soporem

346 3661 438 3716 Aldus
540 3663 575 3717 49
592 3664 674 3717 molle
691 3664 834 3717 Pumeliue
945 3665 979 3718 53
996 3666 1134 3718 renouatis
1151 3665 1252 3728 Aldus,
1270 3666 1394 3720 renouati
1411 3666 1483 3730 EM,

346 3749 479 3802 reuocatis
502 3748 590 3802 Oxou.
736 3750 771 3803 54
789 3764 843 3816 que
861 3750 926 3803 EM
1070 3751 1104 3803 55
1122 3750 1293 3819 pentulerunt
1310 3751 1449 3805 Moralium

346 3833 380 3886 56
399 3834 496 3904 sentes]
515 3839 620 3889 mentes
638 3835 703 3890 EM
780 3835 814 3888 59
832 3852 925 3889 uerum
942 3836 1048 3902 scripsi,
1067 3851 1130 3889 uere
1142 3836 1212 3898 EM,
1231 3853 1296 3890 uere
1308 3836 1449 3891 Morcitus

346 3918 382 3971 60
397 3920 567 3986 puemitisquc
586 3921 651 3973 EM
736 3921 768 3973 61
788 3920 896 3988 quique]
916 3923 1023 3988 quicum
1042 3920 1113 3984 EM,
1132 3921 1180 3988 qui
1192 3921 1284 3974 Aldine
1370 3922 1405 3974 62
1423 3937 1481 3990 sep·

347 4002 416 4056 timu
433 4004 478 4056 lux
496 4004 559 4056 illos
577 4005 677 4068 Aldus,
700 4008 728 4058 ct
747 4020 813 4072 ques
836 4006 951 4074 septime
973 4006 1017 4059 lux
1041 4006 1185 4070 Meretiue,
1208 4006 1327 4074 septime
1343 4007 1390 4060 lux
1409 4005 1481 4070 EM,

347 4089 463 4158 septime
481 4090 526 4143 lux
543 4107 670 4158 repersus
689 4092 831 4145 Pamels'ue
848 4107 883 4144 ex
900 4090 959 4145 cod.
978 4092 1092 4162 duplico
1276 4090 1311 4145 63
1329 4092 1358 4145 in
1377 4091 1482 4160 illiqui·

346 4173 388 4227 die
406 4176 443 4229 M
456 4176 502 4230 sed
520 4177 548 4229 in
565 4193 586 4229 e.
605 4177 623 4228 l.
641 4193 676 4229 m.
694 4180 713 4230 2
822 4177 857 4230 65
875 4192 1021 4245 purusquue
1040 4178 1118 4231 ΕΜ
1231 4177 1363 4232 rccudunt
1381 4179 1482 4232 Peme-

345 4259 399 4313 tiue
502 4261 537 4314 66
554 4259 638 4314 limen
656 4262 746 4314 Aldus

1199 4349 1273 4415 20*
