3720 4920
756 329 840 384 Acta
857 328 1127 384 Proconsularis
1451 357 1512 408 cxl

367 489 516 553 suistis
544 486 744 551 delatores
771 504 844 550 non
866 500 958 550 csse.
988 484 1123 566 itaque
1147 484 1279 571 detegi
1302 492 1341 555 et
1362 489 1512 558 deferri

352 597 389 656 ‘a
417 610 475 655 me
506 608 581 655 non
616 589 788 670 possunt.
825 587 865 651 in
897 586 1138 652 ciuitatibus
1175 590 1304 654 autem
1341 592 1424 657 suis
1456 594 1513 660 in·

368 693 594 758 uenientur.
624 691 779 756 Paternus
806 689 970 772 proconsul
992 689 1087 756 dixit:
1117 708 1176 775 ego
1197 691 1290 758 hodie
1311 694 1345 758 in
1366 695 1513 765 hocloco

369 796 504 878 exquiro.
536 793 710 878 cyprianus
732 792 828 857 dixit:
859 810 942 856 cum
971 792 1191 876 disciplina
1218 796 1440 878 probibeat,
1471 800 1514 865 ut

347 897 457 980 aquis
486 896 660 962 scultro
689 894 837 960 offerat
864 895 901 959 et
929 895 1020 958 tuae
1049 914 1199 977 quoque
1229 917 1413 966 censurae
1442 901 1514 968 hoc

369 999 615 1084 displiceat‚·
634 1017 701 1064 nec
723 997 871 1063 offerre
892 1015 932 1062 se
953 997 1031 1080 ipsi
1052 1002 1233 1081 possunt,
1262 1003 1332 1068 sed
1354 1021 1373 1068 a
1394 1004 1431 1070 ts
1454 1023 1514 1070 ex·

369 1205 545 1269 uenientur.
573 1205 606 1268 et
625 1204 756 1269 adiecit:
778 1205 1001 1286 praeceperunt
1022 1204 1129 1282 etiam,
1151 1225 1191 1271 ne
1210 1206 1414 1289 inaliquibus
1436 1209 1513 1276 locis

370 1306 577 1373 conciliabula
590 1306 668 1371 fiant
683 1324 740 1370 uec
754 1306 940 1370 coemeteria
954 1306 1181 1390 ingrediantur.
1205 1308 1233 1374 si
1248 1310 1318 1391 quis
1333 1309 1440 1393 itaque
1454 1313 1514 1377 hoc

335 1430 361 1470 a
370 1409 437 1474 tam
446 1409 571 1474 salubre
578 1410 780 1492 praeceptum
789 1427 851 1474 uon
859 1408 1084 1489 obseruauerit
1097 1411 1369 1493 capiteplectetur.
1383 1411 1513 1496 Cypria·

369 1529 429 1575 uus
444 1511 791 1593 episcoposrespoudit:
815 1510 878 1575 fac
900 1511 1001 1592 quod
1024 1511 1102 1576 tibi
1123 1515 1377 1595 praeceptum
1399 1518 1468 1581 est.

413 1612 502 1678 Tunc
516 1613 669 1677 Paternus
690 1613 855 1695 proconsul
875 1612 971 1677 iussit
985 1612 1112 1679 beatum
1128 1612 1319 1697 cyprianum
1334 1617 1543 1700 episcopumt

368 1714 402 1779 in
426 1715 555 1779 exilium
586 1714 752 1797 deportari.
780 1733 913 1795 cumque
936 1713 990 1778 diu
1013 1714 1132 1780 ibidem
1155 1718 1339 1795 moraretur,
1365 1719 1514 1784 successit

369 1818 503 1900 Aspasia
528 1817 664 1882 Paterno
692 1817 868 1900 proconsuli
895 1814 1040 1881 Galerius
1066 1818 1224 1890 Maximus
1252 1821 1426 1900 proconsul,
1458 1821 1513 1902 qui

335 1922 514 1985 rasanctum
530 1918 721 2004 cyprianum
743 1920 922 2002 episcopum
943 1919 982 1985 ab
1004 1920 1114 1985 exsilio
1136 1920 1313 1986 reuocatum
1337 1921 1398 1986 sibi
1418 1922 1513 1988 iussit

369 2023 571 2104 praesentari.
594 2041 727 2104 cumque
742 2020 914 2105 Cyprianus
935 2024 1063 2088 sanctus
1083 2025 1204 2106 martyr
1224 2023 1342 2088 electus
1357 2042 1376 2089 a
1389 2025 1455 2090 Deo
1474 2025 1514 2091 de

370 2124 501 2189 ciuitate
516 2123 718 2201 curubitana,
741 2124 776 2187 in
798 2142 859 2205 qua
879 2123 989 2188 exsilio
1010 2142 1047 2188 ex
1061 2126 1224 2207 praecepto
1239 2126 1367 2207 Aspasii
1382 2126 1512 2191 Paterni

370 2228 447 2291 tunc
466 2226 659 2308 proconsulis
675 2226 767 2291 datus
782 2226 894 2303 iuerat,
917 2244 1075 2310 regressus
1091 2226 1182 2305 esset,
1198 2246 1234 2292 ex
1249 2245 1335 2293 sacro
1350 2229 1512 2311 praecepto

370 2327 404 2391 in
421 2329 487 2392 suis
510 2327 610 2392 hortis
633 2328 781 2393 manebat
802 2328 835 2393 et
854 2328 926 2391 inde
951 2328 1093 2408 quotidie
1114 2328 1260 2410 sperabat
1282 2330 1383 2394 ueniri
1406 2330 1447 2394 ad
1468 2348 1512 2408 se,

336 2430 456 2496 sociem
480 2429 531 2494 illi
558 2432 717 2494 ostensum
743 2428 860 2494 iuerat:
887 2430 920 2493 et
946 2447 1018 2493 cum
1043 2429 1112 2494 illic
1137 2430 1359 2508 demoraretur,
1387 2432 1513 2512 repente

373 2533 479 2597 idibus
500 2530 692 2616 Septembris
713 2532 814 2597 Tusco
836 2539 868 2596 ct
887 2516 983 2595 Basso
1005 2531 1186 2595 consulibus
1207 2534 1360 2598 uenerunt
1381 2532 1421 2596 ad
1442 2551 1514 2615 eum

373 2635 529 2717 principes
550 2633 620 2711 duo,
643 2651 724 2697 unus
745 2634 861 2697 strator
872 2633 966 2698 officii
984 2631 1091 2699 Galeri
1106 2634 1237 2699 Maximi
1252 2634 1445 2716 proconsulis
1460 2633 1514 2717 qui

373 2736 509 2818 Aspasio
524 2736 658 2800 Paterno
679 2736 867 2800 successerat
881 2737 914 2799 et
929 2735 1011 2799 alius
1027 2736 1217 2817 equistrator
1231 2754 1250 2800 a
1265 2735 1414 2799 custodiis
1431 2736 1514 2800 eius-

374 2839 447 2902 dem
472 2837 576 2902 officii.
603 2837 658 2918 qui
679 2839 712 2902 et
732 2837 765 2901 iu
786 2837 977 2901 curriculum
1002 2856 1074 2902 eum
1096 2837 1283 2923 leuauerunt
1302 2837 1337 2901 iu
1351 2836 1514 2918 medioque

337 2940 546 3022 reposuerunt
567 2939 600 3004 et
619 2937 755 3004 inserti
775 2939 994 3020 perdurarunt,
1017 2938 1073 3003 ubi
1094 2937 1179 3002 idem
1195 2935 1337 3002 Galerius
1358 2937 1515 3002 Maximus

374 3041 540 3124 proconsul
555 3040 653 3106 bonae
668 3040 853 3105 ualitudinis
868 3039 1095 3121 recuperandae
1110 3040 1214 3123 gratia
1228 3042 1404 3105 secesserat.
1422 3041 1455 3105 et
1468 3039 1517 3104 ita

428 3245 461 3298 13
473 3243 593 3313 exilium]
611 3242 813 3312 cfiAapustiai
823 3259 902 3297 serm.
916 3245 972 3297 309
1131 3242 1376 3306 recordaremur,
1394 3241 1515 3296 cucurbi-

374 3332 441 3383 taua
453 3329 485 3383 E
608 3327 650 3397 in]
662 3343 697 3380 an
710 3328 745 3392 E,
759 3344 789 3382 ex
802 3329 841 3382 M
960 3343 1086 3384 excerso
1213 3327 1323 3396 aspasii]
1335 3329 1408 3396 passi
1420 3327 1484 3380 EM

376 3415 410 3469 18
420 3413 596 3484 proconsulis]
609 3413 754 3467 clarissimi
766 3413 820 3467 uiri
832 3413 896 3468 odd.
911 3414 977 3470 EM
1104 3413 1195 3468 iuerat
1205 3429 1343 3483 regressus
1355 3413 1434 3481 esset]
1448 3415 1519 3466 asset

376 3516 512 3570 regressus
525 3501 590 3555 EM
718 3515 793 3554 sacro
805 3500 934 3568 rescripto
947 3499 1103 3568 specialiter
1114 3500 1166 3554 hoe
1177 3502 1206 3553 et
1217 3499 1396 3568 personaliter
1408 3497 1518 3552 remisso

316 3608 319 3613 ·
375 3587 440 3642 EM
574 3587 607 3640 19
619 3586 676 3639 suis
688 3586 744 3639 suis
756 3587 788 3640 E
917 3589 945 3639 et
957 3586 1024 3639 EM
1032 3592 1059 3640 ct
1070 3586 1249 3654 :depastione
1260 3585 1276 3638 1.
1290 3600 1311 3638 c.
1323 3601 1352 3637 a.
1363 3588 1391 3650 2,
1404 3599 1453 3637 oca
1466 3599 1484 3637 o

375 3673 440 3727 inde
456 3671 578 3742 quotidie
597 3671 722 3740 sperabat
734 3671 819 3725 ueniri
831 3670 865 3724 ad
877 3687 905 3724 se
917 3670 990 3725 sicut
1002 3675 1138 3725 ostensum
1150 3669 1195 3724 illi
1207 3672 1265 3723 erat
1277 3669 1459 3740 Acpaobcas,
1482 3666 1517 3722 ad

376 3757 447 3812 diam
460 3757 586 3812 omnibus
598 3756 687 3810 ueniri
699 3755 771 3810 sicut
782 3755 808 3809 ei
819 3759 956 3810 ostensum
969 3759 1027 3810 erat
1039 3755 1165 3825 sperabat
1177 3755 1244 3809 EM
1350 3754 1386 3808 20
1397 3754 1434 3824 et]
1447 3753 1518 3807 idem

377 3844 444 3898 EM
574 3842 715 3911 derepente
726 3841 791 3896 EM
922 3841 955 3895 21
968 3841 1165 3910 septembribus
1176 3840 1243 3894 EM
1373 3838 1469 3892 thusco
1481 3838 1518 3903 E,

377 3928 464 3983 Fusco
475 3929 619 3982 &ronias
734 3927 770 3981 22
779 3927 906 3996 paleriis
1023 3925 1190 3994 proconsulis
1202 3924 1344 3979 clarissimi
1357 3924 1410 3977 uiri
1422 3924 1489 3978 EM

377 4013 426 4082 qui
495 4011 579 4068 officii
592 4013 639 4082 qui
651 4028 701 4067 ona
714 4011 782 4067 EM
847 4012 882 4065 24
894 4012 1054 4066 leuauerunt
1065 4011 1185 4079 Augeat.
1199 4010 1215 4065 l.
1229 4026 1249 4064 c
1263 4027 1290 4064 aa
1304 4012 1331 4077 3,
1344 4009 1522 4077 inposuerunt

378 4097 444 4152 EM
547 4099 576 4151 in
588 4097 728 4166 medioque
739 4097 897 4167 posuerunt]
910 4095 990 4150 ambo
1003 4111 1063 4150 eum
1076 4097 1224 4165 teguerunt
1235 4094 1302 4149 EM
1414 4093 1451 4147 25
1460 4108 1521 4162 per-

378 4182 520 4254 duxerunt]
534 4184 657 4238 tulerant
668 4185 732 4238 EM
845 4184 880 4237 ‘26
892 4183 1048 4253 proconsule
1060 4181 1129 4237 bono
1141 4183 1178 4236 M
1287 4183 1316 4236 at
1328 4179 1381 4250 ita]
1394 4178 1521 4234 eundem·

378 4285 430 4340 que
445 4269 510 4325 EM
