3720 4920
1395 368 1485 416 unx

344 507 462 590 phrasi
486 506 674 572 locauit
697 504 930 598 Cyprianus
955 525 1030 570 uero
1052 504 1316 588 Gurthayineusis
1340 504 1485 569 ccclesiae

347 617 569 684 sanctissimus
586 615 718 698 praesul
738 619 766 679 ct
783 620 909 698 martyr
929 616 1004 697 ipsa
1024 615 1253 682 Ciceronianae
1272 615 1486 680 iustitutionis

349 727 543 806 documento,
557 726 819 794 Christianorum
825 724 1261 809 uolensprouidcrcutilitati,
1270 723 1358 789 haud
1366 724 1485 790 mcdio-

351 839 448 904 cm'ter
466 837 651 918 ampliauit,
670 841 699 901 ct
713 857 794 918 yuoc
815 837 985 921 defuerant
1003 837 1141 902 moribus
1160 836 1323 914 adiuuuit,
1348 856 1379 919 p.
1395 836 1438 901 46
1452 837 1486 901 iu

348 939 561 1033 ‘Expositious
571 937 809 1033 inPrologum':
826 947 962 1014 Librum
976 947 1105 1030 scripsit
1113 952 1135 1031 .(
1139 945 1261 1032 Oiccro)
1276 951 1427 1011 notarum
1441 945 1486 1012 ad

348 1059 464 1143 filiurn,
484 1080 574 1142 yucm
588 1059 696 1126 boatus
709 1065 835 1142 martyr
853 1059 1086 1143 Cyprianus
1099 1063 1207 1140 postca
1224 1057 1486 1125 Clmistiancrum

349 1171 424 1236 usui
449 1169 631 1251 ampliauit,
658 1170 696 1233 in
718 1170 846 1234 modum
871 1170 988 1236 scilicet
1012 1169 1210 1247 dictionarii,
1234 1168 1289 1233 ubi
1313 1168 1487 1233 secuudum

349 1280 499 1346 ordinem
501 1284 673 1361 ponuntur
680 1279 791 1361 primo
804 1279 1000 1346 characteres
1012 1279 1081 1344 siue
1095 1283 1196 1357 natac,
1208 1283 1320 1360 postea
1334 1278 1488 1343 dicticucs

344 1411 405 1472 pcr
425 1391 544 1456 cosdem
564 1389 760 1457 characteres
781 1391 977 1475 dcsiynatac,
997 1390 1046 1455 ita
1065 1389 1147 1472 quod
1166 1389 1262 1455 dictio
1282 1389 1486 1471 quaeuispcr

348 1505 457 1567 nutam
471 1501 532 1566 sibi
545 1501 750 1584 siyniyicatur
758 1501 990 1583 praepositam.
1006 1500 1070 1565 His
1080 1501 1164 1565 nctis
1174 1501 1242 1564 sinc
1252 1498 1487 1566 characteribus

345 1611 537 1692 psalterium
556 1609 713 1676 Latinum
732 1611 894 1695 iutcyrrcm
909 1615 937 1675 ct
947 1611 1081 1692 pulchre
1101 1610 1291 1692 descriptum
1310 1609 1387 1673 olim
1402 1608 1488 1674 uidi·

349 1741 421 1786 mus
439 1721 479 1786 in
497 1720 679 1787 bibliotheca
703 1721 839 1786 maioris
862 1721 1007 1787 ecclcsiae
1030 1721 1287 1803 Aryeutiucnsis,
1310 1720 1363 1785 cui
1384 1718 1489 1784 ncscio

350 1832 421 1912 quis
435 1851 543 1897 rerum
552 1831 650 1897 iudec
661 1831 799 1915 iynarus
808 1832 940 1897 tilulum
949 1833 1126 1914 forinsecus
1131 1834 1361 1912 praeposuerat
1372 1830 1489 1895 talcr'u:

351 1939 547 2006 Psaltcrium
572 1943 611 2008 in
625 1942 802 2008 Armenica
828 1941 953 2025 liuyua.
981 1942 1043 2010 Sed
1065 1942 1198 2020 errauit,
1223 1962 1294 2007 cuum
1318 1941 1364 2006 sic
1379 1941 1489 2022 patius

349 2052 449 2134 fucrit
463 2041 678 2117 scmbcndum:
693 2051 891 2117 Psalterium
906 2052 1064 2118 Latinum
1078 2052 1310 2119 characteribus
1323 2051 1490 2116 Tullianis

351 2161 571 2243 couscriptum.
592 2160 682 2226 Nam
701 2161 831 2244 quilibet
850 2162 1014 2230 character·
1033 2184 1133 2229 uuam
1147 2162 1490 2246 dicticncmlintcyram

352 2278 567 2353 repraesentat
581 2271 748 2339 Latinam.
777 2274 844 2340 Nec
865 2295 914 2339 mc
933 2274 1023 2357 fallit
1047 2276 1234 2356 aestimatio,
1257 2293 1329 2338 cum
1350 2272 1490 2338 dictio-

347 2384 512 2448 narium
537 2384 667 2464 ipsum
694 2383 902 2450 Oiccrouis
927 2405 950 2449 a
975 2391 1112 2451 sancto
1141 2385 1344 2466 Cypriane
1369 2405 1489 2449 emcn-

351 2491 648 2573 datumpcncsmc
658 2494 838 2575 inantiyuo
847 2496 1011 2560 uolumine
1021 2496 1345 2578 scriptumiutcyrum
1356 2494 1490 2560 hobcam

352 2605 380 2665 ct
394 2603 624 2684 incorruptum,
644 2603 728 2685 quod
746 2622 907 2686 nusquam
926 2605 998 2669 uidi
1012 2605 1101 2670 alibi.
1127 2605 1236 2669 Tanta
1248 2623 1324 2669 uero
1337 2608 1382 2668 cst
1396 2605 1490 2686 copia

352 2717 501 2777 notarum
522 2714 591 2779 siue
611 2713 829 2780 characterum
850 2736 922 2780 cum
940 2716 1130 2781 didionibus
1149 2716 1210 2780 sibi
1230 2715 1384 2793 subiectis,
1407 2715 1489 2797 quod

352 2823 481 2888 cumino
506 2825 672 2907 sufficiun
697 2824 742 2889 ad
762 2826 963 2892 scribendum
982 2825 1102 2891 Latino
1125 2845 1265 2892 sermons
1288 2846 1491 2908 yuuccuuyuc

351 2933 501 3013 uolrucris,
522 2940 554 3001 cl
567 2935 601 2999 in
615 2935 696 3002 libro
711 2936 943 3022 Polygruphius
957 2939 1059 3004 sexto:
1083 2938 1219 3003 Marcus
1234 2936 1366 3002 Tullius
1383 2935 1490 3003 Oiccro

350 3043 513 3125 socundus
524 3043 742 3110 Romanunm
757 3051 864 3111 orator
878 3045 997 3111 librum
1012 3047 1140 3128 scripsit
1150 3066 1215 3112 uon
1222 3066 1350 3127 paruae
1360 3047 1490 3127 yumnti·

350 3154 429 3219 tatis
454 3155 622 3236 Notarum,
649 3177 740 3237 quem
762 3155 901 3223 Sanctus
928 3157 1160 3239 Cyprianus
1185 3157 1490 3240 Carthapinensium

347 3264 481 3343 praesul
494 3270 523 3330 ct
537 3270 672 3347 ntartyr,
691 3266 804 3332 multis
817 3272 846 3332 et
860 3268 945 3332 natis
958 3273 987 3332 ct
1002 3268 1191 3332 dictionibus
1205 3267 1390 3347 ampliauit,
1405 3267 1491 3332 adii·

352 3374 438 3439 ciens
457 3375 612 3441 uocabula
629 3375 889 3444 Cluistianorum
903 3379 1013 3444 usibus
1027 3379 1216 3458 necessaria,
1238 3382 1274 3443 ut
1288 3397 1368 3464 opus
1381 3377 1490 3460 ipsum

351 3485 439 3567 fieret
459 3506 525 3552 non
544 3487 645 3552 solum
659 3488 739 3554 utile
748 3492 905 3573 payauis,
925 3490 979 3555 scd
992 3491 1091 3555 multo
1104 3489 1209 3572 mayis
1221 3489 1319 3553 ctiam
1331 3488 1489 3571 fidelibus.

353 3594 464 3662 Rarus
484 3603 528 3663 cst
547 3598 640 3664 eodm
653 3604 682 3664 ct
696 3619 718 3663 a
732 3619 781 3663 mc
794 3601 888 3667 sanct
901 3601 1064 3665 duntaxat
1077 3605 1228 3682 repertus,
1248 3599 1371 3682 uiliquc
1380 3599 1490 3681 precia

352 3713 475 3788 nuptus
488 3711 547 3774 stc.
1630 3694 1632 3698 ⁸

394 3819 587 3887 Praefaticni
598 3821 672 3888 huic
683 3822 856 3907 adiungam
864 3820 1011 3906 Cypriani
1025 3821 1138 3898 utum,
1155 3838 1234 3904 quus
1243 3819 1352 3885 Pontii
1367 3820 1490 3887 diaconi
1520 3839 1627 3893 cnunc

352 3928 465 4010 fertur,
491 3932 650 3999 codicibus
665 3933 761 4017 usuc
784 3936 953 4000 ssruutum.
980 3931 1168 3997 exstiterunt
1190 3931 1347 4014 quondum
1368 3905 1657 4018 codices⁸¹‘'ffiff’⁰¹'

354 4042 492 4108 melioris
502 4045 594 4111 notus
605 4045 790 4127 complures,
802 4045 892 4111 uelut
900 4044 1094 4111 Fussalensis
1105 4044 1340 4109 uetustissimus
1351 4061 1430 4108 suco.
1444 4041 1492 4106 IX

352 4153 387 4218 ct
400 4153 606 4222 Floriscunsis
627 4173 707 4222 succ.
722 4154 770 4220 XI
794 4174 871 4239 quos
891 4155 929 4218 P.
945 4155 1004 4220 Th.
1019 4155 1154 4219 Ruinurt
1176 4153 1312 4219 excussit
1335 4151 1390 4232 (cf.
1407 4154 1492 4218 Acta

351 4269 532 4348 martyrum
543 4287 574 4351 p.
588 4266 648 4333 171
665 4266 694 4351 g.
708 4263 752 4353 1).
768 4284 806 4332 οι
821 4266 871 4333 his
886 4266 963 4349 puio
978 4263 1144 4331 nonnullus
1159 4263 1332 4348 scripturus
1343 4281 1406 4329 uon
1417 4280 1492 4330 con·
1576 4250 1579 4256 ’
