3720 4920
1392 410 1459 460 hm

314 547 442 624 peceato
459 544 593 610 atterius
606 543 783 626 inquinari
797 543 944 609 attam
961 581 1003 593 -
1017 542 1094 607 inde
1107 562 1163 627 pro
1178 562 1217 608 ea
1229 543 1290 608 bae
1304 545 1406 610 rauel
1420 564 1459 624 ea
1593 539 1598 551 ’

318 651 379 720 baa
392 673 492 720 eausa
511 655 594 739 quod
614 655 763 738 quemuis
783 672 854 720 raro
874 653 971 720 etium
992 655 1115 719 ueteres
1132 654 1278 721 dixerunt
1293 655 1346 738 (oi.
1362 655 1458 721 Haud

321 763 416 861 Tune.
437 763 565 851 11364)
587 763 671 848 apud
692 762 882 849 cyprianum
905 782 968 830 nou
989 764 1176 830 inusitatum
1198 766 1245 831 est
1268 765 1460 849 optimisque

318 874 478 942 oodieibus
492 874 630 941 truditur
644 875 781 956 468‚18:
803 879 939 942 oetemn
952 878 1110 956 quantum
1123 876 1195 940 uult
1209 875 1305 941 inde
1326 875 1362 962 (i.
1380 896 1407 942 e.
1421 894 1462 941 ou

322 1002 383 1050 sua
397 987 478 1069 ante)
493 990 637 1068 quaeat,
662 985 772 1068 quatis
785 991 934 1068 amenus
948 989 993 1050 est
1006 984 1063 1068 qui
1077 984 1278 1052 devoonuiuio
1292 985 1461 1052 Abrabam

321 1096 460 1161 etIsaaa
481 1101 510 1163 et
524 1097 619 1163 Iaeab
641 1096 785 1162 homines
807 1097 907 1179 rapit,
930 1096 987 1163 ubi
1001 1095 1025 1161 0
1048 1096 1123 1162 ebR
1144 1097 1300 1194 seuibuui:
1327 1102 1462 1163 meum

319 1217 477 1289 quantum
490 1206 570 1274 uelit
583 1207 749 1289 adquirat,
764 1207 873 1289 assatis
887 1212 1038 1295 quaestus
1052 1210 1097 1271 est
1112 1206 1322 1295 (iudieubiuus
1337 1226 1412 1281 uero
1427 1208 1462 1274 iu

320 1318 555 1383 eoniuuotiuum
569 1336 589 1382 u
604 1315 628 1383 (i
642 1317 719 1383 etR
739 1317 881 1383 mutatus
902 1317 1003 1383 simili
1023 1318 1091 1382 loeo
1112 1335 1143 1398 p.
1159 1317 1279 1395 829,23
1299 1318 1461 1384 firmetur:

321 1430 478 1508 uantum
490 1425 562 1492 uuit
577 1425 629 1492 bia
642 1425 694 1493 uel
709 1425 830 1491 inuida
844 1426 1020 1493 erudelitas
1038 1478 1045 1493 .
1060 1477 1067 1491 .
1081 1475 1089 1491 .
1106 1426 1250 1493 uinculis
1264 1431 1379 1505 teneat,
1400 1428 1463 1493 cito

322 1535 1045 1620 aturrisetpoenisistisadeaetonunreyna
1059 1537 1354 1622 uenietis);euolem
1369 1555 1463 1604 ouusu

325 1646 360 1711 iu
374 1647 479 1713 uerbis
494 1647 628 1727 bouso:
649 1666 716 1712 non
735 1651 844 1714 tanuen
864 1648 982 1714 ideireo
996 1648 1167 1714 oedondum
1180 1651 1225 1712 est
1239 1648 1318 1730 quia
1331 1648 1463 1714 minans·
1534 1634 1536 1638 ¹

324 1760 389 1834 tur,
415 1762 472 1821 aut
494 1758 589 1823 inde
610 1756 822 1822 aduersarius
840 1762 869 1822 et
884 1758 1037 1824 inimicus
1057 1759 1163 1823 maim
1176 1761 1221 1822 est
1234 1758 1363 1824 Obristo
1384 1761 1464 1841 quia

322 1868 451 1929 tantum
471 1865 534 1930 sobi
557 1865 708 1932 uindicat
729 1871 758 1932 a
779 1866 923 1931 adsumit
946 1867 982 1931 in
1005 1868 1136 1948 εαεαιὶο,
1160 1867 1184 1933 0
1205 1870 1238 1934 et
1257 1869 1287 1932 R
1309 1887 1365 1950 pro
1387 1869 1465 1935 iude

325 1975 507 2042 meluerunt
530 1976 609 2041 ideo.
636 1976 691 2041 sed
718 1977 816 2042 etium
836 1977 893 2042 ubi
915 1976 991 2041 inde
1012 1977 1094 2043 nihil
1116 1977 1295 2044 offensionis
1316 1979 1465 2061 praebere

326 2085 464 2165 uidetur,
479 2085 686 2170 exstirpatum
702 2086 751 2150 est
764 2086 798 2151 in
812 2087 918 2157 uerbis
933 2087 1068 2165 obulo:
1084 2085 1295 2153 moessarium
1311 2087 1465 2153 duximus

325 2200 363 2260 ut
383 2195 587 2261 sembentinun
607 2196 698 2262 nobis
716 2196 794 2262 inde
807 2196 999 2280 colbqarum
1013 2204 1192 2263 nostratum
1204 2199 1302 2281 fimo
1316 2203 1345 2262 et
1360 2198 1466 2262 solida

272 2332 275 2338 ·
326 2307 501 2371 auatonitas
518 2311 707 2388 pararetur,
734 2326 813 2388 quue
835 2307 884 2372 itu
905 2311 1117 2374 correxerunt:
1143 2313 1179 2372 ut
1200 2309 1405 2379 sanbentium
1427 2308 1466 2374 de

324 2417 415 2481 nobie
433 2416 624 2499 eotleqartnn
639 2421 819 2482 nostrornm
832 2418 930 2500 firm
944 2422 973 2481 et
990 2413 1095 2482 so'tidu
1109 2421 1295 2483 auctoritate
1304 2438 1467 2500 pararen-

323 2530 389 2604 tur,
410 2526 472 2591 uisi
494 2525 575 2592 torto
598 2526 675 2590 inde
697 2528 770 2593 unte
792 2528 880 2592 nobis
901 2528 1040 2611 positum
1063 2528 1266 2611 praecedente
1288 2548 1321 2592 m
1344 2529 1468 2612 syllaba

327 2637 432 2720 priore
460 2637 642 2701 uuneutum
668 2638 726 2702 est.
752 2673 798 2685 -
821 2637 952 2718 offocari
981 2636 1063 2719 quod
1092 2636 1213 2703 duobus
1238 2639 1365 2704 tantum
1390 2639 1468 2704 loeis

326 2749 448 2812 exstare
476 2745 686 2829 lexicographi
716 2745 838 2826 docent,
869 2746 1033 2828 quinquies
1054 2747 1179 2813 Rousoh
1205 2747 1309 2830 (Itala
1333 2767 1365 2831 p.
1389 2749 1467 2836 195)
1491 2745 1493 2751 ’

329 2856 453 2923 inuenit
473 2857 616 2940 quodque
635 2854 755 2936 632‚18
778 2856 907 2938 optimis
930 2856 1021 2921 libuis
1042 2857 1252 2937 oanfirmutuu,
1275 2858 1309 2923 in
1322 2859 1470 2941 suffocari

329 2965 364 3052 (i.
381 2987 407 3032 e.
429 2965 595 3052 suffocans)
622 2967 797 3031 mutarunt.
818 3003 861 3014 -
876 2967 1075 3046 supersedere
1100 2967 1185 3032 idem
1211 2968 1305 3048 atque
1329 2959 1471 3032 ‘manue

323 3095 528 3156 permanare
547 3077 642 3158 quasi
661 3077 700 3140 in
714 3075 880 3140 uoluntate
894 3079 924 3139 et
939 3075 1070 3140 oonsilio
1090 3066 1207 3140 sistere
1227 3076 1333 3142 ualere
1347 3076 1470 3142 Nonius

328 3186 498 3252 Marcellus
523 3187 567 3274 (p.
582 3189 628 3253 40
648 3187 697 3253 ed.
713 3187 824 3268 Mero.)
848 3185 949 3252 trudit
970 3204 1027 3252 uee
1050 3187 1200 3268 exemplis
1223 3186 1276 3253 hio
1298 3205 1374 3252 usus
1396 3204 1470 3270 pro·

329 3296 424 3363 betur
444 3297 536 3381 (quse
559 3297 787 3383 grammaticus
809 3296 913 3361 adfert
933 3297 1041 3381 inepta
1056 3295 1142 3382 sunt)
1164 3296 1226 3361 uisi
1242 3316 1304 3363 uuo
1320 3295 1470 3381 Cypriani

330 3407 425 3487 603‚1
446 3407 652 3473 obstinatione
669 3426 730 3471 sua
745 3407 798 3472 net
811 3408 920 3490 furore
934 3407 1177 3488 supersederunt
1191 3411 1221 3472 et
1234 3407 1279 3471 ad
1292 3427 1351 3473 nos
1364 3407 1471 3473 redire

330 3518 512 3597 moerent,
531 3519 587 3584 ubi
602 3519 630 3585 si
645 3520 786 3584 erratum
806 3519 865 3597 est,
886 3518 1050 3585 leuissimo
1071 3518 1249 3584 oouieeburu
1270 3518 1472 3600 supersedere

331 3646 381 3694 res
401 3628 570 3694 conficitur.
593 3630 688 3711 puulo
703 3630 830 3714 lougius
845 3649 865 3695 u
878 3631 983 3696 uerbis
998 3629 1126 3695 truditis
1141 3629 1339 3695 deflectentes
1356 3627 1471 3695 (letR

333 3739 546 3804 oouieeeruub:
567 3739 777 3805 obstinatione
797 3741 848 3824 (in
863 3740 1071 3806 obstinatione
1087 3739 1125 3823 (l)
1141 3740 1193 3805 net
1206 3742 1317 3824 furore
1330 3758 1387 3804 sno
1397 3759 1472 3822 per-

330 3852 560 3915 munerant
587 3854 616 3915 a
641 3850 686 3915 ad
715 3871 773 3917 nos
801 3852 907 3918 redire
935 3850 1114 3916 notuerunt.
1146 3850 1328 3917 anactoria
1358 3869 1471 3916 munus

332 3961 503 4027 manifesta
518 3961 567 4026 est
580 3978 638 4027 nee
653 3962 819 4044 explicatio
834 3962 1029 4028 desideretur
1044 3961 1078 4026 iu
1092 3960 1159 4026 his:

569 4096 651 4152 lectio
669 4113 741 4152 uera.
1074 4096 1155 4151 leobio
1173 4095 1293 4151 oudinum
1312 4095 1365 4153 ou

385 4222 410 4276 p.
424 4210 518 4272 69933
536 4215 664 4277 acceptor
676 4209 829 4264 columban
1026 4206 1177 4262 columbane
1189 4208 1323 4276 accipiter

385 4316 410 4371 p.
425 4302 519 4366 7⁰6,st
532 4307 652 4371 pannos
1023 4305 1170 4370 nuatum
