3720 4920
833 349 998 409 Carmina.

452 508 513 566 255
536 508 646 581 Quique
662 509 753 566 Deum
768 509 871 567 metuit
886 510 1000 567 innoxia
1014 512 1110 567 mente
1125 513 1274 569 tonantem

536 611 638 685 Adque
653 628 721 671 suos
736 611 824 672 coluit
839 629 922 672 sacra
935 611 1044 686 pietate
1060 614 1194 686 parentes

535 713 574 772 Et
589 714 678 773 coluit
692 715 821 774 sanctam
836 731 947 787 semper
962 714 1024 775 sine
1040 716 1158 775 crimine
1174 717 1273 788 uitam,

536 816 597 874 Aut
612 816 724 889 inopem
740 816 872 889 quotiens
886 815 988 889 opibus
1003 818 1113 877 solatus
1128 818 1230 878 amicis

537 919 640 992 Adque
655 917 818 978 laborantes
833 918 950 978 nimium
967 920 1102 979 subuenit
1116 937 1232 995 egenos,

453 1021 515 1078 260
538 1020 679 1093 Pauperis
695 1021 818 1093 adiutor,
833 1021 936 1079 solitus
951 1020 1066 1081 saluere
1080 1023 1217 1096 pupillos,

536 1121 623 1182 Emit
637 1124 668 1181 et
681 1121 802 1197 nocitos,
819 1123 953 1183 subuenit
969 1123 1086 1184 crimine
1101 1125 1221 1200 pressis,

535 1224 707 1299 Hospitibus
722 1243 804 1286 cerae
818 1226 922 1286 tribuit
936 1245 989 1287 sua
1004 1228 1125 1303 pignera
1139 1245 1264 1301 mensae,

537 1328 641 1386 Omnia
656 1328 763 1387 diuinis
777 1330 869 1403 gessit
885 1347 937 1388 sna
952 1347 1071 1390 munera
1084 1331 1183 1402 iussis,

536 1430 602 1488 Non
617 1430 743 1504 aliquem
759 1431 866 1503 nocuit,
882 1448 938 1490 non
954 1431 1048 1491 aliena
1063 1432 1189 1506 cupinit:

452 1533 514 1591 265
537 1532 587 1590 Illi
603 1532 766 1592 exultantes
782 1534 888 1592 diuinis
902 1533 1036 1592 laudibus
1051 1552 1148 1594 omnes

535 1635 715 1708 Orantesque
731 1636 816 1695 simul
831 1636 960 1695 referunt
974 1636 1011 1694 ad
1026 1637 1123 1696 sidera
1137 1653 1232 1706 uoces,

536 1737 699 1796 Psallentos
716 1738 837 1797 Domino
853 1738 999 1797 celebrant
1013 1755 1066 1811 per
1080 1739 1186 1811 gaudia
1200 1743 1299 1812 grates

539 1839 716 1912 Beatamque
731 1839 808 1899 uiam
823 1839 937 1897 nuntiis
952 1841 1158 1900 comitantibus
1173 1842 1266 1900 ibunt.

579 1943 737 2014 Postquam
752 1943 823 2000 baec
837 1941 975 2000 Dominus
990 1942 1086 2002 felicia
1101 1943 1175 2003 dona
1189 1943 1303 2016 peregit

454 2044 517 2102 270
539 2043 577 2101 Et
591 2044 685 2102 iustos
699 2044 808 2117 pariter
824 2046 941 2102 aeterna
956 2045 985 2102 in
1001 2061 1091 2118 regna
1104 2044 1233 2103 remisit:

538 2144 582 2202 En
599 2145 764 2204 miseranda
777 2146 857 2205 uenit
872 2146 974 2220 lugens
989 2164 1042 2205 sna
1057 2146 1177 2205 crimina
1191 2147 1294 2206 turba:

537 2247 586 2304 Fit
600 2248 735 2321 gemitus,
751 2251 877 2306 maerent
891 2248 1018 2306 lacrimis
1036 2249 1205 2307 ardentibus
1220 2265 1318 2308 omnes

537 2348 749 2422 'testanturque
764 2368 817 2410 sua
832 2350 940 2410 crebris
955 2349 1114 2409 ululatibus
1129 2353 1203 2422 acta,

537 2451 684 2510 l'lammea
698 2468 750 2524 pro
766 2453 876 2511 meritis
891 2453 1031 2511 instantia
1045 2452 1105 2511 tela
1119 2453 1300 2512 tremiscunt.

378 2553 380 2558 ‘
454 2552 516 2610 275
538 2552 646 2624 Angeli
660 2552 819 2624 corripiunt
833 2553 890 2611 iam
905 2554 962 2611 iam
977 2554 1186 2628 prohibentque
1201 2554 1312 2626 precari

537 2654 576 2712 Et
591 2655 745 2726 probibent
760 2671 840 2714 seras
856 2655 1048 2728 paenitentiae
1064 2655 1183 2715 fundere
1197 2672 1292 2726 noces,

415 3022 469 3075 esc
486 3006 544 3075 affl
566 3025 596 3086 n,
615 3006 680 3076 affl
698 3023 785 3077 nwv
905 3026 1047 3078 conantem
1070 3025 1095 3077 r
1212 3024 1265 3079 ear
1282 3027 1377 3078 cansa
1392 3024 1451 3078 nr

348 3106 408 3160 uita
429 3108 455 3161 Τ
554 3110 607 3162 258
624 3112 674 3162 ant
684 3151 689 3162 .
701 3150 706 3160 .
718 3151 724 3162 .
736 3110 831 3164 amicis
849 3127 912 3180 sup.
931 3112 989 3165 sine
1007 3111 1120 3165 crimine
1137 3129 1166 3164 a.
1184 3114 1237 3164 257
1255 3126 1306 3166 scr.
1329 3113 1364 3163 W
1376 3128 1412 3165 ra.
1430 3115 1449 3165 2

346 3191 400 3247 259
416 3193 508 3262 egenis
529 3195 614 3258 TW',
632 3196 741 3263 aeganis
758 3195 789 3248 D
930 3182 983 3250 260
999 3196 1090 3249 solitis
1111 3197 1142 3259 Y,
1161 3195 1256 3249 solitas
1273 3195 1329 3259 De,
1347 3196 1483 3250 solidnaue

348 3278 431 3332 Alea.
535 3279 639 3332 saluere
662 3280 719 3344 W²‚
738 3281 842 3334 soluere
860 3280 990 3345 DYW'o,
1010 3281 1101 3334 sonere
1118 3281 1201 3335 Arda.
1312 3281 1363 3334 261
1384 3282 1484 3350 eripuit

347 3365 376 3416 et
398 3362 514 3417 inocitos
540 3365 589 3428 W,
612 3364 684 3417 eruit
706 3365 835 3419 innocuos
859 3366 1007 3419 Fabricius
1196 3365 1249 3418 262
1272 3365 1397 3418 hostibus
1419 3366 1449 3419 D

346 3463 407 3501 care
427 3450 459 3512 Τ,
476 3452 554 3518 grate
570 3449 638 3512 fort.
745 3449 858 3519 pignora
876 3450 928 3513 Dc,
948 3451 1060 3519 pignera
1077 3466 1105 3503 se
1124 3450 1151 3504 Y
1250 3450 1303 3505 263
1320 3466 1370 3504 om.
1385 3451 1450 3506 TW

345 3534 429 3587 iussit
444 3534 475 3588 D
605 3535 658 3589 265
676 3534 734 3589 illic
753 3536 779 3589 Τ
793 3537 880 3590 altero
897 3536 971 3590 leco.-
990 3537 1026 3603 cs.
1044 3553 1073 3591 a.
1092 3539 1150 3590 219
1278 3536 1331 3591 267
1349 3536 1483 3606 psallente

345 3619 404 3673 nr
515 3603 579 3674 ‹ffm
600 3620 665 3675 rw
784 3637 831 3690 per
848 3638 899 3675 om.
921 3623 956 3676 r¹
1079 3623 1167 3690 grata
1191 3622 1230 3676 ar
1347 3623 1399 3677 sse
1417 3623 1483 3676 naec

346 3709 526 3772 postquamo
645 3693 709 3759 dnm
730 3708 757 3761 T
873 3708 925 3760 271
943 3723 975 3759 en
993 3708 1085 3768 Aldu,
1105 3710 1133 3760 et
1150 3706 1263 3762 DTWo
1389 3707 1483 3776 lugent

346 3790 446 3845 DTW
554 3791 649 3844 turbae
673 3791 712 3845 W
815 3792 868 3845 272
885 3791 918 3846 flt
934 3794 1042 3861 scripsi,
1060 3793 1089 3846 id
1108 3793 1180 3858 TW,
1199 3793 1244 3847 hic
1261 3792 1308 3848 De
1410 3809 1483 3847 mae·

346 3877 418 3928 renti
435 3875 492 3930 Dr
623 3876 779 3931 ardentibus
790 3878 882 3944 Atella,
900 3878 1052 3931 arcentibus
1068 3881 1098 3941 Τ,
1116 3879 1274 3947 argentibus
1296 3879 1341 3943 W,
1359 3878 1482 3947 augenti·

347 3960 398 4015 bue
415 3960 462 4017 De
576 3962 629 4015 273
647 3964 860 4030 testaturqneD
962 3963 1134 4017 ululantibus
1152 3964 1176 4014 Τ
1288 3964 1341 4018 274
1359 3964 1482 4018 dammae

347 4047 414 4103 TW
515 4051 680 4101 tremescunt
696 4047 757 4100 ΒΤ
856 4050 907 4103 275
925 4049 978 4103 iam
997 4049 1053 4103 iam
1071 4050 1163 4113 aaa..
1182 4050 1237 4104 iam
1252 4050 1325 4118 TW,
1343 4051 1398 4104 iam
1416 4051 1482 4104 iam·

347 4145 398 4199 qne
416 4132 462 4186 De
574 4133 769 4200 perhibentque
789 4133 815 4186 Τ
922 4134 975 4187 276
992 4135 1150 4202 prohibente
1172 4135 1210 4190 W
1314 4135 1482 4204 paenitentes

345 4216 419 4280 sort,
438 4217 583 4286 penitendo
602 4218 693 4282 Atera,
711 4218 849 4272 clamando
867 4219 1017 4275 Fabricius
