3720 4920
714 318 870 408 Δ1Ιιιιιιιιιιιι
887 348 1093 421 padicitiae.
1114 367 1137 408 c
1157 354 1184 410 1.
1478 351 1520 421 13

379 511 467 571 immo
487 527 522 570 ex
543 526 599 584 qno
624 509 731 582 omnia,
756 511 841 583 peter
861 509 977 568 Domini
1002 510 1096 570 nostri
1120 510 1188 570 Iesu
1204 511 1323 586 christi,
1348 514 1395 573 cni
1411 513 1476 573 laus
1490 513 1521 570 et

380 614 471 675 bonor
485 613 517 673 in
530 613 646 674 saecula
659 613 848 673 moeniorum.
870 614 938 687 opto
952 628 1016 686 uos,
1031 611 1146 686 neuen,
1161 613 1234 674 bene
1249 614 1354 676 ualere.

850 881 1054 897 σ-ιι-ι-ι

599 1203 653 1301 Π.
684 1202 758 1300 ΒΕ
790 1201 936 1300 BONO
968 1201 1301 1301 PVDICITIAE.

423 1596 491 1628 m
513 1562 625 1637 aliquas
652 1562 811 1623 officiorum
831 1578 960 1623 meorum
979 1565 1079 1637 partes
1101 1562 1291 1638 praeterisse,
1316 1565 1385 1626 (lum
1407 1573 1550 1641 semperl

358 1664 474 1728 conitor
498 1665 546 1723 nel
572 1664 694 1723 maxime
719 1662 874 1724 cotidianis
900 1664 1115 1739 euangelicmm
1140 1666 1328 1738 tractatibus,
1365 1665 1522 1740 aliqnando

380 1765 463 1827 nobis
478 1765 544 1826 fidei
560 1769 590 1826 et
605 1765 743 1826 scientiae
757 1782 809 1840 per
819 1764 974 1825 Dominum
988 1765 1165 1828 incrementa
1178 1770 1336 1842 praestare.
1358 1767 1429 1843 quid
1442 1767 1522 1829 enim

381 1867 460 1928 alind
485 1868 516 1927 in
542 1867 663 1928 ecclesia
682 1866 800 1928 Domini
825 1867 927 1927 utilius
954 1868 1026 1942 geri,
1056 1867 1127 1941 qaid
1152 1870 1390 1930 accommodatius
1415 1870 1520 1931 officiis

380 1968 507 2045 episcopi
532 1971 630 2045 potest
652 1969 793 2043 inueniri,
820 1987 906 2044 qnam
927 1970 961 2028 ιιι
983 1969 1114 2030 docmina
1135 1971 1339 2031 dominicorum
1358 1987 1410 2046 per
1424 1969 1522 2045 ipsum

381 2071 528 2130 insinuate
552 2071 723 2145 conlataque
749 2072 904 2132 uerborum
933 2071 1047 2145 possint
1077 2073 1228 2133 credentes
1253 2075 1291 2133 ad
1317 2072 1522 2147 repromissum

346 2189 503 2247 eoregnum
527 2172 679 2247 pemenire
704 2173 869 2232 caelorum?
892 2173 947 2233 hoc
973 2176 1051 2233 certe
1076 2173 1132 2234 mei
1158 2178 1187 2234 et
1219 2173 1314 2247 operis
1341 2176 1371 2234 et
1394 2172 1523 2233 muneris

381 2273 556 2334 cotidianum
583 2272 713 2334 uotiuum
733 2274 883 2349 negotium
905 2277 1011 2335 absens
1025 2274 1096 2334 licet
1122 2276 1251 2348 optinere
1266 2275 1376 2336 conitor
1390 2278 1420 2334 et
1435 2291 1521 2348 prae-

381 2376 503 2438 sentiam
524 2376 581 2436 mei
601 2376 684 2437 uobis
705 2377 822 2437 reddere
842 2393 896 2452 per
916 2377 1032 2437 litteras
1053 2395 1148 2437 conor.
1173 2378 1240 2436 dum
1261 2394 1314 2437 uos
1333 2376 1422 2437 solito
1444 2393 1524 2437 more

381 2477 601 2538 allocutionibus
622 2478 720 2538 missis
740 2479 771 2537 in
792 2477 848 2538 fide
870 2478 1034 2553 interpello,
1049 2478 1113 2538 idco
1128 2478 1276 2551 conuenio,
1290 2480 1325 2536 nt
1339 2477 1523 2552 euangelicos

380 2579 487 2640 radicis
501 2580 637 2639 firmitate
652 2580 770 2640 solidati
785 2581 925 2639 acuerem
947 2580 1042 2639 omnia
1057 2580 1165 2639 diaboli
1186 2579 1296 2654 proelia
1310 2579 1395 2639 stetis
1410 2593 1525 2652 semper

346 2681 495 2744 inarmati.
522 2681 671 2741 absentem
697 2698 743 2741 me
769 2699 826 2741 non
843 2681 974 2752 credam,
1001 2680 1027 2740 si
1053 2681 1134 2740 fuero
1151 2698 1278 2741 securus.
1302 2697 1403 2741 nerum
1427 2682 1525 2740 emen

451 2965 467 3019 1
485 2964 568 3019 imnio
585 2979 636 3019 οιιι.
655 2963 682 3018 Ζ
767 2963 981 3034 leunculorum]
1000 2978 1078 3018 amen
1096 2963 1161 3019 odet
1181 2964 1226 3034 Ζμ
1313 2966 1377 3032 opto
1388 3001 1394 3014 .
1405 3006 1411 3018 .
1424 2963 1526 3020 ualere

380 3067 431 3105 om.
448 3068 485 3121 rp
588 3065 691 3118 semper
708 3049 805 3104 benev
909 3051 1010 3119 ualere]
1029 3065 1107 3104 amen
1125 3051 1191 3104 add.
1209 3067 1233 3104 e.
1253 3080 1287 3090 —
1304 3050 1345 3103 De
1362 3050 1526 3120 spectaculis

382 3136 493 3207 explicit
510 3136 543 3199 Ζ,
561 3150 612 3190 oen.
630 3151 676 3205 rp.
689 3163 720 3175 -

450 3220 553 3290 Incipit
571 3220 689 3274 debono
707 3219 857 3288 pudicitiae
875 3220 917 3285 K,
936 3220 1040 3289 Incipit
1056 3219 1089 3275 de
1106 3219 1241 3289 pudicicie
1259 3221 1292 3274 Ζ.
1307 3250 1336 3260 -
1352 3221 1372 3276 4
1389 3224 1456 3273 onte
1474 3219 1526 3272 ali·

380 3322 447 3377 qnae
464 3307 583 3361 tocunoe
598 3305 707 3375 σι’φιιιιιι
723 3305 830 3368 addidi,
850 3305 877 3358 Z
892 3305 933 3358 tta
956 3306 1071 3374 incipit:
1097 3305 1232 3374 pudicicia
1253 3305 1341 3360 lorice
1358 3307 1387 3359 et
1405 3305 1460 3374 ipei
1477 3319 1528 3358 noe

382 3392 459 3446 scitis
481 3394 547 3445 tnnc
565 3390 671 3458 qnando
688 3377 765 3443 ιιιοιιῖ
781 3389 854 3460 apud
872 3406 920 3445 uos
938 3376 989 3459 pfis
1007 3406 1093 3444 essem
1112 3390 1218 3459 aliquas
1339 3392 1440 3460 partos]
1460 3389 1527 3446 odd.

380 3477 416 3534 K
429 3477 461 3532 in
478 3494 562 3549 more.
584 3480 648 3532 Μ
666 3483 692 3532 ct
709 3494 741 3533 o:
764 3493 819 3531 non
842 3477 956 3531 aestimo
1061 3475 1078 3530 6
1096 3476 1234 3546 ementito]
1259 3477 1409 3530 sententiae
1425 3477 1458 3531 K

382 3564 457 3635 qnid]
476 3566 523 3633 qui
541 3564 569 3618 Ζ
669 3563 686 3617 7
703 3562 807 3617 domini
825 3580 850 3619 ιι.
869 3563 928 3634 geri
947 3580 997 3619 oet
1018 3564 1045 3617 Ζ
1147 3562 1345 3617 accomodatius
1363 3578 1414 3617 om.
1433 3564 1461 3617 Z

382 3649 480 3705 officiis
497 3649 604 3718 scripei.
623 3648 709 3703 officii
719 3679 734 3704 0
752 3648 790 3713 K,
808 3649 838 3702 in
850 3649 949 3703 officiis
963 3651 996 3713 Ζ,
1015 3648 1106 3703 officio
1124 3665 1142 3704 o
1239 3651 1257 3703 8
1274 3648 1469 3702 dominicorum
1486 3647 1527 3717 K,

382 3734 538 3789 diuinorum
557 3735 600 3789 Zo
695 3735 713 3787 9
731 3733 883 3804 uerborum]
900 3749 1045 3789 neruorum
1064 3735 1091 3789 Ζ
1179 3735 1267 3803 possit
1285 3734 1312 3787 Ζ
1405 3732 1439 3787 10
1456 3735 1529 3788 certe

383 3835 417 3874 ca
434 3823 507 3874 certo
524 3819 561 3883 K,
581 3834 644 3888 crgo
663 3819 760 3887 pudice
777 3820 820 3872 ast
837 3820 864 3873 Ζ
953 3821 1037 3887 potue
1054 3821 1083 3872 et
1099 3835 1149 3874 oea
1168 3820 1195 3872 Ζ
1292 3819 1420 3888 muneris]
1438 3817 1528 3872 immi·

382 3921 449 3960 nens
468 3906 494 3959 Z
631 3905 664 3957 11
682 3903 786 3958 conitor
803 3905 841 3973 ct]
860 3903 1000 3968 contineor
1017 3907 1046 3957 et
1063 3903 1107 3968 K,
1125 3904 1294 3973 contingeret
1311 3903 1338 3958 Ζ
1481 3918 1530 3972 por

383 3990 491 4044 litteras
509 3989 690 4060 praesentiam
708 4005 796 4044 meam
814 3989 893 4044 uobis
911 3989 1054 4044 reddereo
1171 3990 1204 4044 12
1221 3989 1310 4057 conor]
1329 3990 1452 4044 consolor
1469 3989 1497 4042 Ζ

383 4091 433 4130 noe
445 4074 538 4144 solito]
550 4074 670 4130 sollicito
680 4075 706 4128 Ζ
775 4074 890 4145 131de
904 4076 931 4128 ιι
943 4075 972 4129 in
984 4058 1050 4129 ‹ln'm‘
1061 4077 1088 4130 Ζ
1162 4075 1202 4144 ιιι]
1215 4076 1248 4128 ιιι
1259 4075 1287 4128 in
1305 4075 1333 4129 Ζ
1400 4073 1437 4130 14
1453 4088 1530 4142 proe-

382 4160 432 4232 lis]
450 4161 570 4230 praemia
587 4161 618 4214 Κ
690 4159 806 4215 tirmiter
823 4160 961 4214 stetissem
978 4175 1026 4230 pet
1043 4176 1119 4215 mma
1129 4160 1154 4214 si
1166 4159 1275 4214 absente
1287 4159 1314 4213 Ζ
1382 4160 1417 4215 15
1427 4159 1530 4229 minen]

384 4247 514 4315 qnoniam
531 4246 559 4301 Ζ
