3720 4920
1385 336 1475 384 xnm

208 556 211 562 ¹
333 469 419 536 liaue
439 469 565 553 reospta
587 468 788 536 inueniuntur
808 469 967 537 similibus
982 469 1070 550 loeis,
1092 489 1204 552 sanun
1227 471 1294 538 turn
1317 477 1402 539 sesni
1424 472 1476 540 uel

332 580 484 648 subitario
500 581 675 666 legentium
686 581 790 647 studio
802 601 898 664 quam
909 583 1030 648 homini
1043 586 1126 649 serto
1137 583 1268 649 oonsilio
1281 584 1385 649 totum
1396 602 1475 669 opus

332 693 541 776 pertractanti
556 691 663 760 deberi
679 693 867 759 erodendum
879 696 936 759 est.
954 694 999 758 sio
1010 697 1137 777 propter
1152 694 1323 778 asyndeton
1338 695 1475 761 adicitur

329 807 358 868 et
378 803 514 883 430,16;
542 803 655 883 620,6;
681 803 816 883 222,24;
843 804 963 888 225,14
990 805 1153 887 similique
1179 805 1309 871 oonsilio
1334 811 1370 870 ut
1389 806 1423 871 in
1445 810 1475 872 06

331 915 476 980 mutatur
504 913 633 994 67823,
663 914 843 980 inseruntur
873 915 981 997 iuquit
1007 915 1143 996 210,14;
1174 917 1309 997 221,13;
1339 917 1473 999 225,19;

329 1024 442 1106 227,8;
468 1024 603 1109 228,17;
625 1026 760 1105 230,23;
784 1027 913 1111 232,19,
941 1026 1020 1092 dicit
1042 1028 1178 1107 225,21;
1202 1028 1330 1113 323,27,
1355 1047 1474 1110 quoque

326 1135 433 1214 2142.
452 1135 509 1215 15;
525 1135 661 1215 223,20;
676 1135 808 1217 227,15,
829 1137 917 1201 euim
931 1137 1045 1218 221,3;
1060 1139 1197 1218 223,19;
1218 1140 1356 1219 66126,
1368 1142 1474 1205 eutem

326 1245 461 1326 2202ος
484 1245 613 1327 23226,
635 1246 761 1313 domiui
781 1248 916 1327 476,16;
937 1248 1073 1328 623,14;
1088 1249 1223 1333 658,29;
1241 1249 1352 1329 704,7;
1368 1249 1472 1334 7096,

325 1356 442 1421 muudi
463 1356 598 1438 321,11;
624 1357 732 1439 482,1,
758 1376 835 1424 suus
856 1360 991 1439 214,13;
1016 1359 1151 1444 482,11;
1177 1360 1311 1440 527,18;
1338 1360 1473 1439 597,17;

328 1467 457 1547 64024,
483 1469 523 1534 60
543 1468 677 1548 476,12;
703 1469 839 1553 499,24;
865 1469 979 1551 680,8;
1006 1471 1120 1551 694,3;
1147 1470 1265 1549 707,16
1281 1471 1312 1535 06
1327 1473 1473 1537 sementa

327 1577 399 1643 aliu
420 1598 498 1644 num
516 1582 616 1660 prust
632 1616 673 1626 -
688 1582 717 1642 06
731 1579 865 1664 simplex
879 1584 908 1644 et
924 1579 1066 1645 consulto
1086 1579 1241 1665 seriptum
1264 1580 1308 1645 sit
1323 1579 1471 1666 (210343

325 1689 462 1769 216,21;
488 1689 624 1772 223,17;
650 1689 784 1771 483,19;
811 1691 926 1772 627,5;
954 1691 1088 1772 624,17;
1116 1691 1229 1772 667,6;
1256 1691 1388 1777 74318)
1410 1712 1472 1760 non

326 1799 450 1878 definio,
467 1801 613 1883 quamuis
624 1801 658 1865 in
671 1800 789 1867 eisdem
801 1800 947 1869 formulis
962 1804 1107 1885 frequens
1123 1820 1290 1869 eonsensus
1306 1804 1472 1868 eorrectio·

325 1909 600 1997 nissnspieionem
615 1913 757 1990 moueat;
781 1914 890 1979 contra
910 1913 1072 1997 geminata
1085 1930 1145 1978 uox
1158 1917 1188 1977 et
1203 1911 1337 2000 (5647,7;
1358 1912 1471 1993 606,6;
1562 1968 1570 1992 ,

327 2021 389 2086 707
392 2021 459 2106 ,17)
480 2022 613 2088 fortuita
631 2022 768 2087 uidetur.
789 2022 844 2088 sed
865 2022 1017 2087 modestis
1032 2022 1082 2088 his
1098 2022 1387 2105 interpretamentis
1407 2040 1469 2088 non

327 2132 491 2197 contentus
504 2132 597 2217 longe
610 2132 730 2198 maiora
745 2131 886 2198 admisit.
913 2132 1012 2198 uerba
1027 2132 1112 2199 enirn
1126 2132 1231 2199 libelli
1246 2133 1284 2198 de
1296 2132 1469 2199 sottots'oos
1481 2161 1627 2217 numam

325 2241 469 2306 eeclesiae
490 2242 617 2307 0066060
638 2260 669 2325 p.
695 2241 791 2320 212,8
814 2261 876 2325 sq.:
904 2242 1046 2322 60006600
1067 2242 1230 2308 Domimus
1254 2242 1299 2308 06
1319 2243 1468 2311 Petrum:
1492 2230 1625 2352 ‘'x‘'

324 2369 390 2432 eqo
417 2350 494 2415 6666
521 2351 624 2429 dieo,
651 2351 769 2431 600066,
798 2352 894 2432 quio
916 2356 956 2416 60
978 2371 1015 2416 es
1038 2351 1184 2418 Petrus
1206 2389 1248 2401 -
1271 2373 1472 2434 quoscum·

326 2479 397 2541 que
418 2460 592 2526 solueris
612 2480 731 2542 super
752 2466 903 2527 terrum
924 2466 1042 2527 eruut
1064 2463 1197 2528 606060
1219 2468 1254 2529 06
1273 2464 1317 2529 in
1338 2464 1471 2531 suetis.

324 2591 419 2652 super
443 2591 546 2638 uuum
567 2572 715 2655 omiptout
734 2572 907 2652 0006066000,
935 2578 963 2638 06
983 2574 1134 2654 00000660
1156 2572 1307 2655 apostolis
1327 2576 1472 2640 000000

321 2689 392 2765 post
421 2684 681 2750 resurrectionem
706 2702 799 2748 ersom
818 2703 936 2764 parem
960 2688 1142 2764 potestatem
1167 2683 1288 2748 6066006
1313 2689 1341 2750 06
1367 2684 1470 2750 diost:

324 2796 429 2861 sieut
462 2794 573 2860 misit
605 2814 660 2859 me
687 2799 806 2874 poter
826 2830 871 2842 —
892 2794 928 2858 si
956 2793 1083 2859 00600·
1104 2795 1338 2874 terrueritis,
1371 2799 1471 2860 6000-

324 2907 488 2991 buntur,
518 2911 625 2973 tormen
653 2912 690 2971 ut
716 2887 873 2973 00660600
902 2907 1135 2988 manifestaret,
1163 2907 1301 2972 unitatis
1329 2907 1470 2973 eiusdem

324 3017 478 3099 emptorem
488 3017 529 3082 06
542 3035 608 3082 uuo
621 3016 828 3097 insipientem
842 3035 904 3081 sua
918 3018 1106 3082 auctoritate
1120 3017 1286 3098 disposuit.
1304 3016 1359 3082 hoe
1373 3021 1468 3082 eruut

324 3111 433 3210 0060
447 3132 475 3193 o
490 3127 583 3195 000·
597 3126 732 3208 apeme
745 3127 828 3209 quoe
841 3127 907 3210 suu
921 3125 1048 3209 0000,
1065 3127 1148 3209 pars
1162 3128 1315 3194 sumto
1324 3127 1470 3210 0600·

323 3242 352 3303 06
367 3237 494 3303 unus
508 3242 537 3304 et
546 3237 723 3319 potestatis,
743 3237 797 3302 sed
811 3237 977 3303 00000600
992 3237 1032 3302 06
1047 3238 1172 3303 0066060
1186 3238 1413 3320 proficescere,
1432 3241 1470 3301 ut

323 3350 454 3417 eeclesia
468 3349 592 3418 Otrr‘sti
610 3370 680 3416 000
696 3354 896 3416 monstretur.
918 3369 1016 3431 quom
1030 3368 1133 3415 uuum
1146 3348 1308 3417 eustesium
1321 3347 1417 3413 etium
1427 3348 1470 3413 ’60

324 3463 448 3528 contire
467 3462 664 3528 cantieormn
684 3460 820 3542 006066οε
834 3465 964 3527 semotus
978 3481 1017 3525 00
1027 3480 1170 3542 persone
1184 3459 1309 3525 domiui
1322 3458 1469 3542 60060006

324 3573 469 3639 06616066.ο
490 3591 572 3637 000
594 3577 650 3637 006
671 3571 849 3638 columbo
871 3591 969 3650 meo,
987 3572 1169 3655 perfeeto
1191 3590 1289 3650 meo,
1312 3590 1393 3635 000
1414 3573 1470 3634 est

323 3685 448 3748 matri
475 3702 585 3763 suae,
615 3683 741 3750 060060
765 3682 963 3766 geometrici
992 3701 1094 3748 suae.
1123 3680 1207 3746 torre
1229 3680 1372 3748 ecelesiae
1393 3679 1470 3746 uui·

325 3798 423 3861 tutem
436 3797 493 3876 006
507 3813 574 3860 mom
589 3798 669 3859 60006
683 3798 786 3859 tmere
798 3812 830 3860 ss
838 3793 935 3876 fidem
949 3792 1073 3858 eredit?
1088 3793 1146 3874 qui
1160 3790 1305 3858 molesios
1314 3791 1469 3856 renititur

325 3909 354 3970 06
374 3905 493 3971 resistit
512 3905 551 3970 60
571 3904 700 3972 eeclesia
718 3924 749 3970 se
763 3923 826 3970 esse
846 3904 1003 3987 confidit?
1026 3923 1105 3989 quae
1126 3903 1173 3969 sie
1187 3921 1207 3967 a
1221 3901 1373 3988 Cypriane
1395 3920 1469 3967 son·

329 4017 447 4103 scripta
470 4034 537 4084 esse
558 4016 749 4101 optimorum
775 4016 1125 4101 uetustissimorumque
1151 4014 1293 4082 codicum
1319 4032 1470 4081 eonsensu

327 4131 457 4208 constat,
480 4130 645 4214 theologus
666 4132 743 4212 puto
765 4128 927 4194 Romanus
941 4129 1089 4210 praeuius
1104 4127 1161 4193 ille
1175 4127 1332 4211 primatus
1347 4124 1469 4190 infalli-

327 4238 524 4322 bilitatisqne
549 4239 583 4304 in
607 4239 691 4305 hune
717 4241 846 4306 modum
874 4238 1054 4304 foedissime
1080 4237 1300 4320 interpotauit:
1328 4236 1469 4318 loquitur
