3720 4920
739 366 914 422 Aduersus
934 349 1076 420 iliceos
1099 382 1121 420 c
1141 371 1165 420 1.

570 827 704 924 Vllll.
744 824 1041 924 ADVERSVS
1073 823 1332 923 welles,

854 1056 976 1066 ...a—..-
980 1057 1044 1066 ι·-

422 1260 585 1339 Adtendite
607 1295 723 1336 sensum
745 1281 776 1336 et
796 1277 1024 1351 intellegentiam
1040 1282 1167 1338 uestram
1189 1279 1219 1338 in
1235 1278 1343 1352 spiritu
1357 1283 1466 1351 sancte,
1490 1283 1551 1340 utl

325 1423 328 1429 -
379 1399 436 1442 nen
452 1383 565 1440 tantum
581 1381 700 1440 auribus
716 1379 852 1455 audiatis,
867 1382 918 1440 sed
935 1381 1021 1440 ctiam
1034 1381 1125 1442 ecelis
1136 1382 1262 1442 cernetis
1274 1381 1403 1442 diuinrm
1416 1383 1523 1442 Christi

381 1487 601 1544 sacramentnm.
640 1483 757 1541 cernitis
792 1485 888 1542 eutem
918 1500 969 1556 per
1007 1483 1090 1542 fidem
1128 1486 1274 1544 nestram:
1313 1484 1412 1544 audire
1447 1486 1523 1544 enim

360 1585 565 1647 neccessitatis
580 1588 634 1657 est,
652 1584 998 1645 crederesellicitudinis.
1022 1585 1134 1644 aurium
1149 1585 1276 1646 officium
1294 1589 1340 1645 eet
1354 1585 1523 1647 indifferen-

380 1691 425 1748 ter
450 1689 561 1762 pariter
588 1705 663 1747 uana
681 1687 781 1761 'adque
796 1685 883 1745 utilia
898 1686 1071 1762 perspicere,
1097 1686 1165 1746 fidei
1180 1690 1277 1747 autem
1300 1705 1357 1748 nou
1377 1687 1433 1748 nisi
1450 1705 1524 1762 quae

380 1791 547 1863 probauerit
573 1792 697 1850 credere.
722 1806 775 1848 nec
801 1788 877 1847 enim
901 1790 1034 1862 cuiquam
1064 1791 1184 1863 prodest
1198 1790 1326 1849 libenter
1341 1790 1449 1862 audire,
1465 1791 1521 1849 nisi

380 1892 536 1952 credulitas
562 1893 693 1950 auditum
720 1890 879 1951 confirmet.
919 1890 986 1949 fidei
1013 1891 1089 1950 eccli
1116 1894 1185 1950 sunt
1214 1892 1337 1965 spiritus
1361 1908 1414 1965 per
1439 1907 1523 1964 quem

384 1995 519 2055 uidentur
546 1994 701 2066 spiritalia.
724 1993 749 2052 si
766 2009 834 2066 erge
850 2010 903 2051 uos
919 1993 992 2052 estis
1008 1993 1165 2066 spiritales,
1194 1993 1358 2066 intellegite
1374 1993 1522 2052 caelestia.

346 2097 494 2159 resimiles
510 2096 586 2155 enim
602 2094 710 2153 similia
725 2095 770 2152 sui
786 2098 1012 2167 recognoscunt:
1036 2095 1125 2154 etiam
1147 2097 1228 2155 muta
1242 2095 1381 2154 animalia
1396 2095 1430 2153 (le
1446 2095 1524 2154 uocis

381 2216 450 2258 seno
467 2198 588 2258 inuicem
606 2215 638 2256 se
654 2196 839 2270 intellegunt,
855 2196 952 2257 leones
967 2198 1123 2270 fremitum,
1147 2197 1224 2257 tauri
1238 2197 1381 2271 mugitum
1397 2200 1426 2256 et
1442 2197 1525 2256 miles

381 2303 468 2360 tubae
485 2302 666 2375 clangorem.
697 2302 804 2373 quante
820 2314 888 2372 ergo
904 2299 1000 2358 uerius
1016 2299 1164 2372 spiritales
1178 2298 1325 2374 spiritalia
1340 2297 1524 2373 intellegunt,

382 2403 524 2461 caelestes
539 2403 569 2459 et
583 2402 706 2459 heredes
721 2400 815 2472 patris
830 2400 875 2458 sui
891 2403 1045 2472 praecepta
1060 2404 1090 2459 et
1104 2418 1138 2459 ee
1154 2416 1227 2474 quae
1242 2402 1418 2459 testamento
1433 2399 1526 2472 patris

383 2504 429 2562 sui
444 2506 530 2561 cauta
544 2505 636 2561 sunt?
661 2519 712 2561 uos
727 2517 796 2574 ergo
812 2518 877 2559 cum
893 2500 959 2559 sitis
976 2500 1086 2560 Christi
1100 2502 1231 2573 heredes,
1255 2500 1418 2574 intellegite
1433 2503 1523 2559 teste·

347 2633 373 2670 rc
383 2610 511 2664 mentum
527 2606 599 2664 eius.
623 2604 700 2678 querl
715 2603 741 2661 si
758 2603 823 2675 quis
838 2620 890 2676 per·
904 2605 1028 2661 aetatem
1045 2601 1140 2661 minus
1156 2601 1289 2662 docibilis
1301 2604 1345 2662 est
1359 2603 1396 2660 acl
1407 2601 1524 2662 intelle·

380 2708 516 2781 'gendum
545 2707 633 2765 habet
656 2705 792 2778 spiritum
814 2707 946 2763 sanctum
969 2705 1172 2778 interpretem:
1197 2704 1280 2763 illum
1304 2707 1452 2778 sequatur,
1474 2703 1524 2763 ille

381 2810 451 2868 duce
472 2811 502 2866 et
522 2808 663 2881 magistre
687 2805 824 2867 facillime
850 2807 958 2878 poterit
979 2806 1046 2866 noui
1068 2807 1237 2865 testamenti
1252 2806 1317 2865 iura
1333 2807 1525 2880 uirtutemque

381 2929 563 2986 cognoscere,
580 2913 656 2985 quod
672 2911 817 2970 hereditas
833 2909 969 2984 gentibus
985 2910 1149 2970 contributa
1164 2914 1218 2971 est.

422 3015 486 3074 Hoc
501 3015 584 3073 modo
600 3013 739 3071 Dominus
754 3017 784 3072 et
799 3015 888 3071 Pater
903 3013 933 3070 in
948 3012 1088 3086 principie
1109 3013 1180 3071 lecit
1201 3012 1346 3072 hominem
1367 3029 1419 3071 sua
1437 3022 1552 3079 manue

345 3133 500 3188 secumque
522 3115 620 3188 posuit
642 3115 672 3172 in
695 3113 829 3188 paradise
854 3115 923 3172 data
938 3116 1018 3173 certa
1032 3113 1198 3174 condicione
1213 3116 1429 3187 praeceptorum
1446 3113 1524 3173 uitae

449 3398 554 3467 Incipit
571 3397 699 3451 aduersus
717 3396 830 3450 ludaeos
848 3398 906 3466 (qui
926 3397 1040 3450 insecuti
1059 3399 1124 3450 sunt
1141 3396 1280 3451 (lominum
1298 3399 1421 3450 nestrum
1435 3395 1523 3447 Iesum

380 3483 520 3540 Christum
538 3483 604 3538 cdd.
624 3483 724 3554 MQT)
748 3482 868 3552 BMQT.
902 3512 930 3521 -
962 3479 1136 3536 2actcndite
1154 3496 1190 3534 ex
1208 3480 1393 3535 adtenditeT
1495 3480 1524 3531 in

380 3584 430 3622 een
452 3570 483 3631 Τ,
500 3572 529 3621 et
547 3569 576 3621 in
594 3587 611 3622 v
733 3555 779 3636 sps
797 3555 839 3621 scs
861 3570 894 3622 1¹¹
1026 3565 1178 3620 tleernstie
1195 3566 1281 3620 oculis
1301 3565 1326 3619 Τ
1445 3564 1462 3616 4
1480 3580 1526 3632 per

380 3670 431 3707 em.
452 3653 479 3706 Β
637 3653 654 3706 6
671 3669 742 3706 uana
760 3669 796 3706 ecc
814 3669 868 3707 une
887 3655 918 3717 T,
937 3656 994 3722 etq.
1013 3668 1067 3707 une
1087 3653 1111 3715 Q
1261 3650 1412 3719 prospicere
1430 3649 1458 3702 Β

381 3756 433 3793 non
452 3757 503 3794 cm.
525 3740 576 3811 QT
661 3741 677 3792 7
696 3739 753 3809 nec]
772 3755 858 3807 neque
875 3756 892 3793 c
975 3738 1158 3808 quidqnnme
1238 3737 1256 3790 8
1274 3735 1411 3805 spiritales
1429 3736 1457 3788 B

380 3843 446 3895 per.
461 3865 467 3878 .
481 3867 487 3877 .
502 3826 640 3896 spiritalia
657 3841 708 3880 cm.
728 3826 756 3879 Β
861 3842 939 3894 quem
958 3841 1029 3880 corr.
1048 3826 1080 3878 in
1097 3839 1179 3893 quem
1199 3822 1225 3877 T
1310 3820 1474 3877 9uidentnr
1492 3837 1526 3874 en

381 3912 506 3966 uidentes
524 3913 549 3965 Τ
706 3912 739 3966 10
756 3911 855 3965 similis
876 3914 902 3966 Y
917 3911 966 3966 ecd
983 3911 1008 3964 si
1025 3911 1059 3964 c'a
1076 3926 1132 3964 rae.
1291 3907 1336 3961 sui
1354 3905 1492 3959 simillae

381 3999 550 4065 recognoscit
568 3998 605 4050 T*
712 3998 799 4050 multa
818 3996 846 4048 Β
952 3996 984 4049 11
1002 3996 1077 4065 senc]
1096 3996 1120 4049 si
1138 3982 1157 4048 ἷι
1176 3993 1204 4047 Β
1286 3992 1371 4045 leonis
1390 3991 1491 4044 BMT¹

383 4083 417 4136 12
434 4083 588 4151 clangorem
607 4082 716 4147 accidi,
734 4099 784 4138 cm.
803 4081 892 4152 Ber,
911 4096 989 4135 uoces
1008 4080 1110 4136 adde
1192 4077 1342 4148 quendeQ
1425 4076 1525 4147 uerius]

384 4169 436 4221 uiri
454 4168 522 4222 iusti
543 4168 567 4238 Q
638 4168 775 4237 spiritalia
793 4184 842 4221 oet
864 4167 916 4237 BQ
989 4167 1023 4221 18
1040 4172 1082 4220 est
1099 4167 1150 4220 hoc
1167 4165 1375 4220 mcdc.denset
1392 4167 1527 4234 peterten

381 4253 565 4323 dcetinpuste
678 4254 711 4307 19
729 4252 891 4322 principium
913 4251 937 4321 Q
