3720 4920
780 407 973 478 Epistulae.
1377 410 1442 476 275

304 567 455 639 orbitatis,
470 585 555 641 quem
569 567 682 641 saepire
696 567 835 625 debuerat
847 584 913 641 spes
928 567 1146 626 resurrectionis
1157 569 1187 625 et
1201 566 1283 640 regui
1298 565 1442 626 caelestis.

309 686 463 744 numquam
479 687 547 745 spes
563 687 626 729 cum
641 667 738 730 dolore
753 669 907 729 concordat
920 685 972 729 nec
986 669 1057 729 fides
1072 669 1226 743 aliquando
1242 668 1331 729 sentit
1342 687 1442 743 quam·

311 789 430 847 cumque
451 773 605 831 iacturam.
633 788 783 846 resurgere
803 771 945 831 credimus
965 774 1095 844 nostros,
1123 774 1153 831 et
1172 771 1347 846 plangimus.
1374 771 1443 845 quid

311 873 481 946 reseremus,
503 874 530 933 si
544 875 616 933 mori
632 875 826 934 tantummodo
851 874 914 933 sine
929 873 1138 934 resurrectione
1153 873 1332 948 praeciperet
1345 872 1443 932 Deus?

290 977 446 1036 euoluntas
461 977 523 1036 eius
537 975 600 1035 sola
616 975 725 1036 sufficit
740 977 776 1036 ed
791 977 940 1050 soleclum,
952 976 999 1036 eui
1013 975 1126 1034 nullum
1141 976 1373 1050 praeponendum
1388 975 1445 1034 sei·

310 1095 375 1138 mus
390 1079 533 1138 adiectum.
565 1078 640 1152 quod
664 1079 784 1138 dederet
808 1077 915 1138 tulerat
930 1078 978 1153 qui
1000 1080 1156 1137 creeuerat.
1180 1077 1245 1151 quis
1259 1079 1351 1137 certat
1371 1076 1446 1136 alius

310 1180 447 1254 plangere
461 1182 536 1254 quod
551 1182 588 1240 ed
602 1184 716 1253 empus
730 1181 901 1253 acceperet?
925 1180 1155 1239 commoduuerat
1169 1182 1203 1237 ut
1216 1178 1339 1238 haberes
1353 1196 1445 1252 quen·

311 1285 464 1356 tecumque
479 1283 606 1356 tempore
622 1281 765 1341 uoluisset
786 1283 816 1341 et
838 1299 903 1342 cum
917 1281 1007 1342 uellet
1021 1299 1122 1340 rursus
1137 1280 1274 1341 auferret
1305 1281 1380 1340 nihil
1394 1281 1446 1339 eb·

312 1385 397 1445 stulit
411 1387 493 1443 tuum
506 1384 558 1458 qui
573 1385 700 1458 recipere
716 1385 853 1459 dignatus
868 1387 914 1444 est
935 1383 1092 1459 proprium.
1115 1385 1257 1443 creditum
1272 1401 1356 1444 suum
1372 1385 1446 1443 reci-

274 1503 380 1562 uopere
395 1487 528 1547 decuerat
542 1486 723 1560 creditorem,
739 1488 769 1546 et
783 1485 857 1545 nihil
872 1486 952 1545 uliud
966 1488 1048 1546 decet
1062 1504 1149 1559 quam
1164 1486 1298 1546 creditori
1313 1502 1365 1545 suo
1379 1503 1447 1560 gra-
1490 1546 1495 1557 ,

312 1588 370 1647 tias
384 1604 470 1661 agere
486 1589 677 1647 mutuantem.
693 1588 736 1648 sic
751 1588 802 1647 Iob
818 1587 942 1662 legimus
957 1605 1043 1662 quam
1062 1604 1216 1661 sequemur
1231 1587 1446 1648 deuotissimsm

313 1706 421 1750 nocem.
452 1691 645 1762 Dominus,
675 1691 786 1764 iuquit,
810 1691 927 1762 dedit,
951 1689 1125 1748 Dominus
1148 1690 1323 1749 abstulit.
1346 1691 1449 1749 sicut

312 1792 463 1851 Domino
486 1793 649 1866 placuit,
672 1792 725 1851 its
745 1793 884 1852 iactum
905 1794 973 1853 est.
1003 1792 1055 1851 sit
1075 1808 1205 1852 nomeu
1227 1791 1370 1852 Domini
1392 1793 1448 1853 be-

314 1893 509 1955 nedictum.
532 1912 632 1969 perum
648 1911 716 1969 ergo
731 1912 789 1954 non
803 1897 864 1954 eret
879 1896 949 1953 baec
965 1895 1028 1953 sole
1042 1895 1199 1955 consolatio
1217 1898 1317 1954 contra
1340 1896 1450 1955 luctum

280 1996 393 2068 siquod
407 2013 490 2055 nemo
516 1996 616 2070 lugere
643 1997 746 2055 debeat
772 2013 835 2055 cum
849 1995 959 2069 aliquid
974 1996 1133 2055 reddiderit
1147 1995 1284 2068 alienum,
1311 1996 1379 2070 quia
1405 1997 1450 2055 ias

317 2115 374 2157 non
390 2101 455 2158 erat
470 2099 547 2173 apud
568 2098 659 2156 alium
682 2097 801 2158 retineri
823 2097 899 2171 quod
921 2097 1034 2157 domiuo
1056 2115 1108 2157 suo
1130 2098 1225 2157 iuerat
1246 2100 1450 2158 necessarium.

238 2184 241 2189 ’
315 2200 432 2258 additur
448 2199 651 2259 consolationis
667 2199 726 2257 alie
738 2197 929 2271 prouidentia,
953 2215 1026 2272 quae
1042 2198 1144 2258 iaculis
1159 2198 1293 2258 orbitatis
1309 2206 1450 2259 occurrat.

317 2301 443 2376 gaudere
479 2302 630 2362 debuimus
668 2302 702 2360 de
738 2301 852 2361 saeculo
893 2302 1108 2373 recedentibus,
1152 2301 1177 2360 si
1212 2302 1319 2361 saecmi
1354 2307 1452 2362 contra

320 2419 374 2462 uos
395 2402 563 2462 inimicitias
578 2403 765 2474 sentiremus,
792 2407 822 2460 et
838 2402 1001 2476 plangimus
1015 2401 1131 2461 Domini
1151 2402 1288 2462 beneficia
1308 2404 1357 2477 qui
1372 2405 1453 2463 nouit

287 2503 485 2562 soiulirmitati
497 2506 612 2563 nostrae
627 2504 704 2577 quod
718 2505 857 2577 praestat.
885 2502 1043 2576 periclitari
1065 2502 1182 2562 uolebat
1204 2503 1298 2562 adhuc
1313 2505 1361 2578 qui
1377 2505 1453 2564 dolet

317 2604 442 2678 aliquem
468 2605 665 2678 dormientem,
689 2609 718 2665 et
732 2605 808 2665 inter
822 2605 926 2663 fluctus
940 2604 1018 2664 uitae
1032 2606 1193 2679 pressantis
1208 2605 1306 2684 uidere
1322 2607 1452 2680 cupiebat

387 2856 421 2909 12
439 2855 489 2909 Iob
508 2857 533 2919 1,
550 2856 593 2909 21.

388 3096 406 3149 2
424 3112 576 3164 quancunq.
595 3113 620 3163 r,
638 3099 872 3165 quantamcunque
889 3095 908 3147 le
999 3095 1016 3149 3
1033 3097 1140 3149 nostros
1157 3097 1222 3165 rpb,
1240 3099 1361 3150 ruortuos
1379 3099 1422 3152 Ze

320 3181 534 3249 discutimusp
644 3181 792 3249 perciperet
809 3181 842 3243 Z,
860 3165 984 3248 p'cipitu
1094 3181 1188 3233 beius
1206 3180 1301 3248 utique
1318 3183 1344 3245 b,
1362 3182 1455 3249 utiquc

321 3265 381 3319 eius
399 3267 441 3319 Zc
544 3265 679 3318 sufficeret
695 3266 738 3329 leo,
757 3264 899 3318 suffecerat
916 3265 943 3317 Z
1045 3279 1207 3333 praeponere
1224 3266 1243 3318 le
1345 3267 1454 3334 scimus]

320 3352 406 3405 simus
424 3372 453 3420 μ,
472 3350 595 3405 iubemus
613 3352 632 3404 le
751 3351 768 3404 6
785 3350 896 3417 tulerat]
915 3350 1031 3404 abstulit
1047 3351 1082 3404 leo
1203 3351 1265 3418 quis
1283 3352 1369 3404 certet
1386 3351 1456 3405 elius

320 3437 430 3504 scripsi,
449 3435 514 3505 quid
533 3439 620 3489 certas
637 3435 686 3499 Ze,
703 3433 765 3503 quis
782 3436 841 3488 erut
858 3434 928 3488 elius
945 3451 991 3503 rp,
1010 3434 1071 3502 quis
1089 3440 1131 3487 est
1148 3435 1195 3502 qui
1213 3436 1232 3488 b
1345 3435 1361 3488 ‘l
1380 3436 1455 3503 plen-

322 3522 407 3591 gatt
527 3535 665 3588 acceperas
683 3520 726 3574 Zo
845 3519 1079 3574 commendauerat
1096 3535 1112 3572 r
1233 3520 1456 3588 quantocumque}

323 3621 377 3674 quo
396 3607 423 3660 Z
523 3607 597 3675 Set]
617 3607 684 3661 utle
788 3607 932 3661 rursumle
1040 3605 1185 3674 auferetis
1294 3605 1457 3674 9dignetus

322 3693 364 3744 est
381 3691 498 3760 recipere
515 3693 654 3761 proprium
671 3693 690 3745 le
821 3690 948 3760 dignatus
958 3732 965 3744 .
976 3732 982 3744 .
994 3730 999 3741 .
1011 3693 1128 3760 recipere
1145 3707 1196 3744 orn.
1215 3707 1231 3743 r
1359 3692 1393 3745 10
1410 3692 1457 3745 de·

317 3776 418 3831 cuitb
517 3778 551 3831 12
569 3777 645 3831 dedit
663 3779 691 3832 et
707 3793 745 3846 νμ
843 3778 877 3830 13
895 3777 935 3831 ita
952 3793 1038 3832 ocur
1131 3777 1166 3831 14
1183 3777 1287 3847 perum]
1306 3793 1390 3847 psrua
1407 3780 1425 3831 le

324 3862 383 3916 sola
400 3864 490 3917 omis
611 3865 646 3917 15
664 3879 745 3931 quom
763 3879 779 3916 r
796 3868 830 3917 ut
847 3863 914 3916 solet
1035 3860 1179 3916 crediderit
1197 3863 1223 3915 Z
1342 3863 1456 3917 alienum

325 3948 389 4016 quis
407 3964 457 4002 om.
481 3948 509 4001 Z
645 3949 679 4002 16
697 3947 751 4001 erit
767 3948 794 4000 Z
918 3946 1032 4001 detineri
1051 3947 1094 4002 Zc
1226 3946 1317 4000 iuerat
1335 3963 1383 4000 suo
1401 3948 1427 4000 Ζ

325 4034 359 4087 17
377 4037 498 4087 occurret
514 4033 643 4087 orbitatis
661 4033 704 4086 Zs
794 4032 828 4086 18
844 4031 969 4103 gaudere]
989 4031 1152 4101 plangeret
1240 4031 1390 4086 recedentes
1408 4034 1426 4086 le

327 4118 361 4171 19
379 4119 540 4172 iuimicitias
558 4121 651 4173 contm
668 4133 718 4171 noe
736 4117 848 4171 minime
866 4118 884 4170 le
1021 4120 1050 4170 et
1068 4132 1119 4170 ors.
1139 4117 1201 4185 Ζνμ
1334 4115 1460 4170 beneficis

325 4203 430 4257 domini
449 4204 491 4259 Zc
634 4203 721 4273 uouit]
740 4203 820 4257 nobis
838 4202 908 4272 quod
925 4204 1046 4274 praestat
1064 4203 1106 4257 Zo
1253 4201 1289 4256 20
1306 4203 1391 4255 nostri
1410 4218 1426 4253 r

326 4288 398 4358 quoe
416 4306 467 4345 om.
487 4290 528 4346 ee
639 4293 759 4359 preesse
775 4291 803 4359 e,
822 4305 872 4345 om.
891 4290 919 4345 Ζ
1023 4289 1058 4343 21
1076 4274 1152 4359 pies
1170 4308 1200 4357 μ,
1216 4287 1360 4358 pensum

1185 4379 1259 4439 1⁸*
