3720 4920
573 327 617 382 De
633 328 765 398 duplici
784 330 953 398 martyrio
970 343 992 382 c.
1012 328 1125 384 18-20.
1351 329 1415 395 233

279 486 437 547 nertisti
460 506 603 548 sernum
626 506 739 547 meum
762 488 840 558 Iob,
869 489 1043 562 quomodo
1066 506 1135 547 nou
1157 488 1256 548 sitei
1278 487 1416 547 similis

280 592 558 662 superterram,
581 592 682 649 homo
704 590 859 661 simplex
882 592 919 648 et
941 593 1068 648 rectus
1090 609 1130 648 ac
1152 590 1415 648 timensDeum

279 694 316 751 et
338 692 513 752 recedens
535 711 553 751 a
581 693 747 751 malitia?
770 709 864 751 nonne
887 693 1172 764 sermonemproiert
1187 692 1222 751 de
1238 708 1289 749 suc
1304 690 1414 750 cultore

280 793 454 868 gloriantis?
485 795 586 854 beatus
613 799 708 854 autem
731 796 841 855 Paulus
863 795 1057 869 splendidiore
1072 796 1161 854 etiam
1177 795 1266 854 uerbo
1281 811 1351 853 usus
1370 797 1415 852 est

259 897 412 958 ssoribens
438 897 589 956 secundam
616 900 650 957 ad
666 898 828 956 Corinthios
844 898 1012 971 epistolam:
1041 898 1113 956 Deo
1136 900 1261 957 autem
1282 896 1417 969 gratia,

282 998 344 1072 qni
367 1015 508 1072 semper
529 999 736 1073 triumphet
757 1018 821 1059 nos
843 1002 878 1059 in
901 1001 1053 1058 Christo
1083 1001 1183 1070 lesu,
1214 998 1418 1058 studerem

279 1101 441 1161 notitiae
464 1119 548 1161 suae
571 1103 793 1162 manifestat
826 1117 890 1175 per
918 1119 982 1161 nos
1013 1102 1048 1159 in
1077 1100 1173 1160 omni
1201 1101 1297 1170 loco,
1331 1099 1418 1173 quia

281 1204 425 1263 Christi
448 1208 564 1263 bouus
588 1207 675 1286 odor
697 1223 819 1264 sumus
842 1206 923 1265 Deo.
956 1204 1089 1264 melius
1117 1206 1175 1262 est
1204 1219 1328 1261 nomen
1355 1204 1415 1260 bo-

280 1324 362 1366 num
386 1325 497 1381 super
527 1312 716 1382 unguenta
749 1308 925 1381 pretiosa.
957 1306 1101 1378 scriptura
1128 1305 1283 1378 gloriosam
1310 1304 1416 1362 tamam

250 1425 275 1464 ro
283 1410 429 1483 appellare
445 1411 518 1469 solet
533 1412 723 1470 odoramenta.
741 1428 796 1469 nou
813 1413 909 1469 temen
926 1409 1004 1467 Deus
1019 1408 1161 1479 gloriatur
1173 1408 1316 1466 hominum
1329 1423 1417 1476 more,

281 1511 338 1570 sibi
352 1513 469 1585 placens
484 1531 517 1571 ac
532 1513 674 1585 gestiens,
703 1515 752 1572 sed
768 1517 896 1571 riustram
918 1512 1040 1571 salutem
1062 1529 1142 1570 suam
1160 1512 1238 1567 ducit
1253 1508 1373 1582 gloriani
1388 1511 1418 1566 et

284 1615 348 1673 ideo
363 1615 486 1675 subiecit
500 1616 663 1686 apostolus:
680 1616 717 1673 in
744 1615 803 1672 his
830 1616 892 1688 qui
919 1615 1017 1672 salui
1045 1613 1146 1671 finnt
1168 1616 1203 1671 ot
1225 1613 1259 1670 in
1282 1611 1417 1684 hisqui

281 1721 445 1789 pereunt.
477 1718 614 1789 quomodo
636 1718 813 1789 glorificatur
840 1718 917 1774 Deus
941 1717 971 1772 in
997 1717 1043 1773 his
1070 1715 1209 1788 quisalui
1225 1716 1317 1771 liunt?
1348 1731 1418 1785 quo·

282 1817 360 1875 niam
376 1820 405 1876 in
423 1818 481 1875 illis
497 1818 661 1877 illustratur
676 1819 756 1877 illius
784 1817 990 1877 misericordia.
1018 1817 1157 1890 quomodo
1181 1817 1209 1872 in
1232 1815 1278 1872 his
1302 1816 1351 1887 qui
1367 1832 1418 1887 pe·

249 1921 389 1977 rerermt?
421 1919 554 1992 quoniam
571 1919 600 1976 in
616 1920 661 1977 liis
678 1921 841 1977 declaratur
857 1919 938 1977 illius
954 1919 1078 1976 iustitia.

325 2020 409 2079 Nunc
425 2022 486 2094 ipse
502 2022 641 2080 sermonis
656 2040 756 2082 cursus
772 2040 823 2079 uus
845 2040 877 2080 oo
901 2022 1027 2089 deduxit,
1053 2024 1084 2078 ut
1108 2022 1257 2079 doceamus
1272 2023 1302 2075 et
1317 2035 1417 2091 pocca-
1430 2018 1473 2074 20

281 2125 376 2181 torum
391 2124 569 2181 confessione
584 2125 736 2195 glorificari
755 2126 854 2181 Deum.
871 2125 918 2181 hic
933 2125 1056 2182 occurrit
1070 2123 1201 2194 protinus
1216 2140 1250 2180 cr
1266 2122 1339 2179 libro
1352 2123 1417 2179 Iosu

281 2223 365 2284 Naue
381 2227 492 2293 Acten,
509 2225 557 2297 qui
574 2227 706 2295 qnoniam
722 2229 822 2283 contra
837 2226 966 2283 diuinum
982 2225 1106 2282 edictum
1124 2224 1282 2281 sustulerat
1298 2241 1331 2280 ex
1348 2241 1417 2280 ana-

281 2326 409 2385 themate
425 2326 545 2399 pallium
559 2326 718 2385 coccineum
735 2327 847 2396 insigne
863 2344 897 2384 ac
913 2327 1052 2385 ducentos
1072 2326 1159 2385 siclos
1175 2324 1289 2397 argenti
1311 2342 1344 2383 ac
1360 2325 1416 2382 lin-

246 2443 368 2498 eoguam
384 2445 496 2486 aureum
513 2428 646 2486 siclorum
662 2428 887 2500 quinquaginta,
912 2427 1036 2500 populus
1054 2428 1144 2485 lsrael
1168 2431 1249 2499 terga
1264 2428 1352 2484 uertit
1366 2428 1419 2483 ho·

280 2529 383 2587 stibus.
400 2532 497 2601 itaque
514 2531 596 2587 Iosne
612 2530 684 2588 dixit
698 2529 816 2588 Achae:
849 2529 995 2598 filimi,
1027 2530 1069 2586 da
1091 2528 1249 2602 gloriam
1273 2528 1420 2586 Domino

280 2629 352 2689 Deo
376 2632 493 2689 Israel
517 2635 553 2689 ot
575 2633 759 2690 confitere
781 2635 889 2704 atquo
912 2631 1037 2690 iudica
1058 2631 1146 2689 mihi
1170 2632 1256 2703 qnid
1272 2630 1417 2700 feceris,

283 2750 324 2791 ne
339 2733 553 2791 abscondas.
576 2734 724 2793 confessus
737 2734 817 2791 dedit
832 2751 949 2806 poenas,
965 2736 995 2791 et
1010 2750 1129 2791 auersus
1144 2737 1189 2790 est
1204 2733 1282 2790 furor
1295 2731 1418 2790 Domini.

286 2852 321 2894 ea
336 2836 476 2895 confessio
491 2837 659 2894 clarificauit
674 2837 726 2894 liei
742 2836 882 2893 iustitiam
898 2854 932 2894 ac
947 2836 1129 2908 sapientiam.
1146 2833 1326 2906 sapientiam,
1343 2835 1418 2906 quod

247 2937 363 2996 tulllius
379 2938 469 2995 oculis
485 2938 557 2994 nihil
574 2941 651 2996 esset
666 2939 846 2996 abstrusum:
878 2937 1035 3006 iustitiam,
1058 2938 1132 3009 quood
1160 2954 1215 2994 uon
1245 2937 1305 2993 siue
1332 2953 1417 2994 cansa

280 3057 384 3113 passus
397 3048 473 3097 osset
486 3042 583 3098 hostes
595 3041 733 3099 aduersus
742 3040 877 3098 Israelem
893 3039 1077 3115 incalescere,
1090 3041 1221 3112 quodque
1233 3038 1311 3110 leges
1324 3037 1416 3110 ipsius

284 3142 382 3200 nullus
397 3143 544 3200 hominum
560 3142 672 3215 impune
690 3142 787 3199 uiolat.
815 3141 888 3198 nihil
904 3145 968 3199 crat
984 3140 1081 3213 magni
1096 3142 1171 3213 quod
1187 3141 1343 3198 suffuratus
1359 3142 1422 3197 erat

282 3244 399 3304 dchan:
426 3261 559 3317 magnum
576 3248 669 3304 tamen
693 3248 756 3304 erat
770 3246 968 3302 documentum
992 3242 1127 3301 uniuerso
1143 3242 1256 3316 populo,
1283 3245 1420 3312 qnantum

287 3345 445 3419 periculum
461 3347 501 3402 sit
516 3346 568 3403 Dei
595 3347 673 3405 iussa
698 3347 845 3419 negligere
872 3346 955 3418 eique
972 3345 1046 3402 uelle
1069 3344 1214 3417 imponere
1237 3343 1318 3416 quasi
1335 3343 1420 3415 quid·

253 3465 372 3521 requam
388 3449 471 3506 illum
486 3448 607 3521 ingeret,
634 3454 685 3507 aut
710 3450 793 3522 quasi
808 3449 920 3507 teneret
935 3447 1226 3520 praeuaricatoribus.
1257 3447 1343 3517 atque
1373 3443 1423 3500 ille

287 3551 401 3624 quidem
418 3569 480 3610 curu
496 3555 573 3610 esset
587 3552 720 3622 Iudaeus,
742 3553 778 3610 ob
796 3553 909 3610 unicum
924 3553 1073 3623 peccatum
1089 3549 1164 3622 quod
1180 3549 1235 3621 ipsi
1259 3548 1321 3604 leue
1338 3546 1420 3604 uide·

285 3648 374 3713 batur
385 3653 581 3712 seuerissimas
594 3671 699 3725 poenas
711 3655 800 3722 dedit,
812 3654 959 3727 lapidatus
971 3654 1008 3711 ab
1022 3652 1153 3709 uniuerso
1166 3649 1281 3722 populo,
1293 3648 1419 3722 corporis

284 3757 405 3815 interitu
420 3757 542 3814 salutem
560 3757 670 3815 animae
696 3757 848 3815 redimens.
881 3774 937 3815 non
963 3756 1040 3815 enim
1057 3753 1165 3812 iudicat
1181 3752 1256 3810 Deus
1279 3750 1322 3808 bis
1349 3748 1425 3808 inid

285 3874 388 3930 ipsum.

354 4108 371 4158 ὁ
391 4108 417 4159 ll
437 4110 495 4160 Cor.
515 4108 539 4169 2,
559 4108 600 4159 14.
704 4109 736 4159 ‘21
758 4108 810 4159 lor.
830 4108 854 4167 7,
874 4107 914 4158 19.
