<?xml version="1.0" encoding="UTF-8"?>
<!DOCTYPE html PUBLIC "-//W3C//DTD XHTML 1.0 Transitional//EN"
    "http://www.w3.org/TR/xhtml1/DTD/xhtml1-transitional.dtd">
<html xmlns="http://www.w3.org/1999/xhtml" xml:lang="en" lang="en">
 <head>
  <title>
</title>
<meta http-equiv="Content-Type" content="text/html;charset=utf-8" />
  <meta name='ocr-system' content='tesseract 3.04.00' />
  <meta name='ocr-capabilities' content='ocr_page ocr_carea ocr_par ocr_line ocrx_word'/>
</head>
<body>
  <div class='ocr_page' id='page_1' title='image "./sthascicaecilic00cyprgoog_0093.png"; bbox 0 0 3720 4920; ppageno 0'>
   <div class='ocr_carea' id='block_1_1' title="bbox 386 392 515 441">
    <p class='ocr_par' dir='ltr' id='par_1_1' title="bbox 386 392 515 441">
     <span class='ocr_line' id='line_1_1' title="bbox 386 392 515 441; baseline 0.016 -2"><span class='ocrx_word' id='word_1_1' title='bbox 386 392 515 441; x_wconf 77' lang='lat' dir='ltr'>LXXXII</span> 
     </span>
    </p>
   </div>
   <div class='ocr_carea' id='block_1_2' title="bbox 384 528 1528 1056">
    <p class='ocr_par' dir='ltr' id='par_1_2' title="bbox 384 528 1528 1056">
     <span class='ocr_line' id='line_1_2' title="bbox 386 528 1527 612; baseline 0.002 -19"><span class='ocrx_word' id='word_1_2' title='bbox 386 528 499 593; x_wconf 90' lang='lat' dir='ltr'><strong>multis</strong></span> <span class='ocrx_word' id='word_1_3' title='bbox 509 545 571 594; x_wconf 91' lang='lat' dir='ltr'><strong>non</strong></span> <span class='ocrx_word' id='word_1_4' title='bbox 581 529 695 610; x_wconf 88' lang='lat' dir='ltr'><strong>posset,</strong></span> <span class='ocrx_word' id='word_1_5' title='bbox 712 549 784 595; x_wconf 90' lang='lat' dir='ltr'><strong>eum</strong></span> <span class='ocrx_word' id='word_1_6' title='bbox 794 530 985 596; x_wconf 89' lang='lat' dir='ltr'><strong>omissurum</strong></span> <span class='ocrx_word' id='word_1_7' title='bbox 1000 530 1098 597; x_wconf 87' lang='lat' dir='ltr'><strong>fnisse</strong></span> <span class='ocrx_word' id='word_1_8' title='bbox 1108 548 1170 595; x_wconf 93' lang='lat' dir='ltr'><strong>non</strong></span> <span class='ocrx_word' id='word_1_9' title='bbox 1181 531 1356 612; x_wconf 90' lang='lat' dir='ltr'><strong>putandum</strong></span> <span class='ocrx_word' id='word_1_10' title='bbox 1371 532 1428 596; x_wconf 89' lang='lat' dir='ltr'><strong>est.</strong></span> <span class='ocrx_word' id='word_1_11' title='bbox 1445 530 1527 596; x_wconf 74' lang='lat' dir='ltr'><strong>Tur·</strong></span> 
     </span>
     <span class='ocr_line' id='line_1_3' title="bbox 384 637 1526 722; baseline 0.003 -19"><span class='ocrx_word' id='word_1_12' title='bbox 384 638 483 704; x_wconf 84' lang='lat' dir='ltr'><strong>nebus</strong></span> <span class='ocrx_word' id='word_1_13' title='bbox 494 639 631 722; x_wconf 79' lang='lat' dir='ltr'>epistula</span> <span class='ocrx_word' id='word_1_14' title='bbox 639 637 784 705; x_wconf 73' lang='lat' dir='ltr'><strong>carolum</strong></span> <span class='ocrx_word' id='word_1_15' title='bbox 798 659 914 706; x_wconf 91' lang='lat' dir='ltr'><strong>nonum</strong></span> <span class='ocrx_word' id='word_1_16' title='bbox 925 641 1098 706; x_wconf 76' lang='lat' dir='ltr'><strong>utmorem</strong></span> <span class='ocrx_word' id='word_1_17' title='bbox 1110 641 1285 722; x_wconf 88' lang='lat' dir='ltr'><strong>liberosque</strong></span> <span class='ocrx_word' id='word_1_18' title='bbox 1296 657 1371 722; x_wconf 87' lang='lat' dir='ltr'><strong>quos</strong></span> <span class='ocrx_word' id='word_1_19' title='bbox 1382 640 1526 706; x_wconf 89' lang='lat' dir='ltr'><strong>doctissi-</strong></span> 
     </span>
     <span class='ocr_line' id='line_1_4' title="bbox 385 749 1526 836; baseline 0.001 -22"><span class='ocrx_word' id='word_1_20' title='bbox 385 768 458 815; x_wconf 90' lang='lat' dir='ltr'><strong>mus</strong></span> <span class='ocrx_word' id='word_1_21' title='bbox 471 749 685 836; x_wconf 79' lang='lat' dir='ltr'><strong>typographus</strong></span> <span class='ocrx_word' id='word_1_22' title='bbox 700 752 808 834; x_wconf 80' lang='lat' dir='ltr'><strong>inopes</strong></span> <span class='ocrx_word' id='word_1_23' title='bbox 821 751 1001 833; x_wconf 76' lang='lat' dir='ltr'>reliquisset</span> <span class='ocrx_word' id='word_1_24' title='bbox 1016 752 1159 818; x_wconf 91' lang='lat' dir='ltr'><strong>adiuaret</strong></span> <span class='ocrx_word' id='word_1_25' title='bbox 1173 753 1262 817; x_wconf 80' lang='lat' dir='ltr'><strong>enixe</strong></span> <span class='ocrx_word' id='word_1_26' title='bbox 1271 753 1415 835; x_wconf 80' lang='lat' dir='ltr'><strong>precatus</strong></span> <span class='ocrx_word' id='word_1_27' title='bbox 1427 752 1465 817; x_wconf 94' lang='lat' dir='ltr'><strong>de</strong></span> <span class='ocrx_word' id='word_1_28' title='bbox 1476 752 1526 817; x_wconf 87' lang='lat' dir='ltr'><strong>his</strong></span> 
     </span>
     <span class='ocr_line' id='line_1_5' title="bbox 385 860 1526 944; baseline 0.004 -20"><span class='ocrx_word' id='word_1_29' title='bbox 385 860 479 925; x_wconf 89' lang='lat' dir='ltr'><strong>rebus</strong></span> <span class='ocrx_word' id='word_1_30' title='bbox 499 861 660 943; x_wconf 88' lang='lat' dir='ltr'><strong>disputare</strong></span> <span class='ocrx_word' id='word_1_31' title='bbox 681 862 864 944; x_wconf 75' lang='lat' dir='ltr'><strong>supersedit,</strong></span> <span class='ocrx_word' id='word_1_32' title='bbox 886 880 943 927; x_wconf 86' lang='lat' dir='ltr'><strong>nec</strong></span> <span class='ocrx_word' id='word_1_33' title='bbox 964 863 1131 944; x_wconf 88' lang='lat' dir='ltr'><strong>quisquam</strong></span> <span class='ocrx_word' id='word_1_34' title='bbox 1152 863 1234 927; x_wconf 90' lang='lat' dir='ltr'><strong>alius</strong></span> <span class='ocrx_word' id='word_1_35' title='bbox 1244 862 1282 927; x_wconf 94' lang='lat' dir='ltr'><strong>·in</strong></span> <span class='ocrx_word' id='word_1_36' title='bbox 1296 863 1376 927; x_wconf 85' lang='lat' dir='ltr'><strong>hanc</strong></span> <span class='ocrx_word' id='word_1_37' title='bbox 1395 882 1462 928; x_wconf 91' lang='lat' dir='ltr'><strong>rem</strong></span> <span class='ocrx_word' id='word_1_38' title='bbox 1476 863 1526 928; x_wconf 93' lang='lat' dir='ltr'><strong>in·</strong></span> 
     </span>
     <span class='ocr_line' id='line_1_6' title="bbox 386 947 1528 1056; baseline 0.004 -20"><span class='ocrx_word' id='word_1_39' title='bbox 386 970 574 1053; x_wconf 90' lang='lat' dir='ltr'><strong>quirendum</strong></span> <span class='ocrx_word' id='word_1_40' title='bbox 583 972 1055 1056; x_wconf 78' lang='lat' dir='ltr'><strong>eseeputauit3quodsifactum</strong></span> <span class='ocrx_word' id='word_1_41' title='bbox 1065 973 1298 1056; x_wconf 79' lang='lat' dir='ltr'><strong>essetproximi</strong></span> <span class='ocrx_word' id='word_1_42' title='bbox 1307 947 1528 1040; x_wconf 75' lang='lat' dir='ltr'><strong>editoreshanc</strong></span> 
     </span>
    </p>
   </div>
   <div class='ocr_carea' id='block_1_3' title="bbox 306 1067 1562 2711">
    <p class='ocr_par' dir='ltr' id='par_1_3' title="bbox 306 1067 1562 2711">
     <span class='ocr_line' id='line_1_7' title="bbox 388 1067 1523 1168; baseline 0.003 -24"><span class='ocrx_word' id='word_1_43' title='bbox 388 1067 564 1147; x_wconf 90' lang='lat' dir='ltr'><strong>editionem</strong></span> <span class='ocrx_word' id='word_1_44' title='bbox 578 1099 640 1147; x_wconf 91' lang='lat' dir='ltr'><strong>uon</strong></span> <span class='ocrx_word' id='word_1_45' title='bbox 654 1082 702 1146; x_wconf 92' lang='lat' dir='ltr'><strong>ita</strong></span> <span class='ocrx_word' id='word_1_46' title='bbox 715 1083 936 1167; x_wconf 83' lang='lat' dir='ltr'><strong>neglexissent.</strong></span> <span class='ocrx_word' id='word_1_47' title='bbox 957 1083 1177 1168; x_wconf 81' lang='lat' dir='ltr'><strong>integritatem</strong></span> <span class='ocrx_word' id='word_1_48' title='bbox 1198 1084 1265 1149; x_wconf 91' lang='lat' dir='ltr'><strong>eius</strong></span> <span class='ocrx_word' id='word_1_49' title='bbox 1280 1083 1366 1149; x_wconf 89' lang='lat' dir='ltr'><strong>solus</strong></span> <span class='ocrx_word' id='word_1_50' title='bbox 1380 1083 1523 1149; x_wconf 90' lang='lat' dir='ltr'><strong>Pruden-</strong></span> 
     </span>
     <span class='ocr_line' id='line_1_8' title="bbox 375 1190 1525 1278; baseline 0.005 -23"><span class='ocrx_word' id='word_1_51' title='bbox 375 1190 453 1258; x_wconf 82' lang='lat' dir='ltr'><strong>tius</strong></span> <span class='ocrx_word' id='word_1_52' title='bbox 464 1191 614 1258; x_wconf 84' lang='lat' dir='ltr'><strong>Maranns</strong></span> <span class='ocrx_word' id='word_1_53' title='bbox 628 1196 712 1259; x_wconf 87' lang='lat' dir='ltr'><strong>recte</strong></span> <span class='ocrx_word' id='word_1_54' title='bbox 727 1194 911 1260; x_wconf 88' lang='lat' dir='ltr'><strong>aestimauit</strong></span> <span class='ocrx_word' id='word_1_55' title='bbox 923 1194 955 1259; x_wconf 93' lang='lat' dir='ltr'><strong>iu</strong></span> <span class='ocrx_word' id='word_1_56' title='bbox 967 1194 1156 1260; x_wconf 76' lang='lat' dir='ltr'><strong>Balumanae</strong></span> <span class='ocrx_word' id='word_1_57' title='bbox 1172 1194 1319 1260; x_wconf 89' lang='lat' dir='ltr'><strong>editionis</strong></span> <span class='ocrx_word' id='word_1_58' title='bbox 1333 1193 1525 1278; x_wconf 79' lang='lat' dir='ltr'><strong>praefatione</strong></span> 
     </span>
     <span class='ocr_line' id='line_1_9' title="bbox 307 1283 1562 1386; baseline 0.002 -20"><span class='ocrx_word' id='word_1_59' title='bbox 307 1283 310 1289; x_wconf 84' lang='lat'>&#39;</span> <span class='ocrx_word' id='word_1_60' title='bbox 348 1319 351 1324; x_wconf 49' lang='grc'><strong>’</strong></span> <span class='ocrx_word' id='word_1_61' title='bbox 388 1301 542 1367; x_wconf 68' lang='lat' dir='ltr'><strong>ensem:</strong></span> <span class='ocrx_word' id='word_1_62' title='bbox 569 1303 665 1367; x_wconf 74' lang='lat' dir='ltr'><strong>ecca</strong></span> <span class='ocrx_word' id='word_1_63' title='bbox 685 1303 765 1368; x_wconf 79' lang='lat' dir='ltr'><strong>sata</strong></span> <span class='ocrx_word' id='word_1_64' title='bbox 784 1307 939 1368; x_wconf 64' lang='lat' dir='ltr'><strong>meraca</strong></span> <span class='ocrx_word' id='word_1_65' title='bbox 957 1307 1002 1368; x_wconf 74' lang='lat' dir='ltr'><strong>ec</strong></span> <span class='ocrx_word' id='word_1_66' title='bbox 1016 1323 1055 1369; x_wconf 70' lang='lat' dir='ltr'><strong>aa</strong></span> <span class='ocrx_word' id='word_1_67' title='bbox 1069 1305 1108 1368; x_wconf 61' lang='lat' dir='ltr'><strong>aa</strong></span> <span class='ocrx_word' id='word_1_68' title='bbox 1122 1304 1243 1384; x_wconf 70' lang='lat' dir='ltr'><strong>aare,</strong></span> <span class='ocrx_word' id='word_1_69' title='bbox 1267 1323 1348 1386; x_wconf 68' lang='lat' dir='ltr'><strong>qaae</strong></span> <span class='ocrx_word' id='word_1_70' title='bbox 1357 1324 1527 1386; x_wconf 63' lang='lat' dir='ltr'><strong>pepone</strong></span> <span class='ocrx_word' id='word_1_71' title='bbox 1559 1349 1562 1354; x_wconf 84' lang='lat'><em>.</em></span> 
     </span>
     <span class='ocr_line' id='line_1_10' title="bbox 386 1411 1525 1497; baseline 0.003 -23"><span class='ocrx_word' id='word_1_72' title='bbox 386 1411 424 1474; x_wconf 79' lang='lat' dir='ltr'><strong>irc</strong></span> <span class='ocrx_word' id='word_1_73' title='bbox 437 1412 637 1493; x_wconf 68' lang='lat' dir='ltr'><strong>ecqacnlslraa</strong></span> <span class='ocrx_word' id='word_1_74' title='bbox 657 1413 849 1478; x_wconf 56' lang='lat' dir='ltr'><strong>mulenellos</strong></span> <span class='ocrx_word' id='word_1_75' title='bbox 869 1418 997 1478; x_wconf 77' lang='lat' dir='ltr'><strong>mulcta</strong></span> <span class='ocrx_word' id='word_1_76' title='bbox 1015 1416 1159 1497; x_wconf 78' lang='lat' dir='ltr'><strong>fuerant,</strong></span> <span class='ocrx_word' id='word_1_77' title='bbox 1181 1435 1252 1480; x_wconf 79' lang='lat' dir='ltr'><strong>eam</strong></span> <span class='ocrx_word' id='word_1_78' title='bbox 1273 1415 1429 1480; x_wconf 70' lang='lat' dir='ltr'><strong>aediculas</strong></span> <span class='ocrx_word' id='word_1_79' title='bbox 1450 1434 1525 1480; x_wconf 83' lang='lat' dir='ltr'><strong>mse.</strong></span> 
     </span>
     <span class='ocr_line' id='line_1_11' title="bbox 387 1522 1527 1607; baseline 0.004 -21"><span class='ocrx_word' id='word_1_80' title='bbox 387 1522 552 1587; x_wconf 71' lang='lat' dir='ltr'><strong>cmscnlit.</strong></span> <span class='ocrx_word' id='word_1_81' title='bbox 576 1523 626 1586; x_wconf 91' lang='lat' dir='ltr'><strong>illi</strong></span> <span class='ocrx_word' id='word_1_82' title='bbox 647 1523 729 1588; x_wconf 90' lang='lat' dir='ltr'><strong>enim</strong></span> <span class='ocrx_word' id='word_1_83' title='bbox 751 1523 984 1589; x_wconf 87' lang='lat' dir='ltr'><strong>recentissimos</strong></span> <span class='ocrx_word' id='word_1_84' title='bbox 1005 1523 1126 1589; x_wconf 88' lang='lat' dir='ltr'><strong>codices</strong></span> <span class='ocrx_word' id='word_1_85' title='bbox 1146 1525 1357 1607; x_wconf 84' lang='lat' dir='ltr'><strong>respexerunt,</strong></span> <span class='ocrx_word' id='word_1_86' title='bbox 1376 1524 1527 1590; x_wconf 87' lang='lat' dir='ltr'><strong>Moralius</strong></span> 
     </span>
     <span class='ocr_line' id='line_1_12' title="bbox 388 1630 1526 1716; baseline 0.003 -20"><span class='ocrx_word' id='word_1_87' title='bbox 388 1630 424 1696; x_wconf 90' lang='lat' dir='ltr'><strong>iu</strong></span> <span class='ocrx_word' id='word_1_88' title='bbox 448 1631 628 1716; x_wconf 83' lang='lat' dir='ltr'><strong>digerendis</strong></span> <span class='ocrx_word' id='word_1_89' title='bbox 652 1635 684 1698; x_wconf 87' lang='lat' dir='ltr'><strong>et</strong></span> <span class='ocrx_word' id='word_1_90' title='bbox 705 1633 906 1699; x_wconf 82' lang='lat' dir='ltr'><strong>emendandis</strong></span> <span class='ocrx_word' id='word_1_91' title='bbox 932 1635 1078 1716; x_wconf 90' lang='lat' dir='ltr'><strong>operibus</strong></span> <span class='ocrx_word' id='word_1_92' title='bbox 1103 1634 1293 1701; x_wconf 87' lang='lat' dir='ltr'><strong>uetustiores</strong></span> <span class='ocrx_word' id='word_1_93' title='bbox 1319 1637 1443 1700; x_wconf 91' lang='lat' dir='ltr'><strong>secutus</strong></span> <span class='ocrx_word' id='word_1_94' title='bbox 1469 1637 1526 1701; x_wconf 90' lang='lat' dir='ltr'><strong>est.</strong></span> 
     </span>
     <span class='ocr_line' id='line_1_13' title="bbox 389 1743 1527 1828; baseline 0.004 -21"><span class='ocrx_word' id='word_1_95' title='bbox 389 1743 485 1824; x_wconf 86' lang='lat' dir='ltr'><strong>alque</strong></span> <span class='ocrx_word' id='word_1_96' title='bbox 520 1743 647 1808; x_wconf 91' lang='lat' dir='ltr'><strong>libellos</strong></span> <span class='ocrx_word' id='word_1_97' title='bbox 683 1744 829 1809; x_wconf 89' lang='lat' dir='ltr'><strong>undecim</strong></span> <span class='ocrx_word' id='word_1_98' title='bbox 863 1745 991 1826; x_wconf 87' lang='lat' dir='ltr'><strong>primos,</strong></span> <span class='ocrx_word' id='word_1_99' title='bbox 1027 1746 1161 1810; x_wconf 88' lang='lat' dir='ltr'><strong>insertas</strong></span> <span class='ocrx_word' id='word_1_100' title='bbox 1198 1745 1243 1810; x_wconf 91' lang='lat' dir='ltr'><strong>eis</strong></span> <span class='ocrx_word' id='word_1_101' title='bbox 1277 1746 1429 1828; x_wconf 89' lang='lat' dir='ltr'><strong>epistulae</strong></span> <span class='ocrx_word' id='word_1_102' title='bbox 1462 1749 1527 1812; x_wconf 86' lang='lat' dir='ltr'><strong>tres</strong></span> 
     </span>
     <span class='ocr_line' id='line_1_14' title="bbox 390 1849 1526 1935; baseline 0.001 -18"><span class='ocrx_word' id='word_1_103' title='bbox 390 1849 454 1935; x_wconf 88' lang='grc'><strong>(37.</strong></span> <span class='ocrx_word' id='word_1_104' title='bbox 479 1852 531 1918; x_wconf 94' lang='grc'><strong>38.</strong></span> <span class='ocrx_word' id='word_1_105' title='bbox 558 1854 623 1934; x_wconf 89' lang='grc'><strong>10),</strong></span> <span class='ocrx_word' id='word_1_106' title='bbox 647 1853 812 1919; x_wconf 89' lang='lat' dir='ltr'><strong>Prudentii</strong></span> <span class='ocrx_word' id='word_1_107' title='bbox 837 1872 947 1920; x_wconf 91' lang='lat' dir='ltr'><strong>uersus</strong></span> <span class='ocrx_word' id='word_1_108' title='bbox 969 1856 1002 1919; x_wconf 92' lang='lat' dir='ltr'><strong>et</strong></span> <span class='ocrx_word' id='word_1_109' title='bbox 1021 1873 1147 1921; x_wconf 91' lang='lat' dir='ltr'><strong>carmen</strong></span> <span class='ocrx_word' id='word_1_110' title='bbox 1171 1853 1319 1930; x_wconf 76' lang='lat' dir='ltr'><strong>Qualiter</strong></span> <span class='ocrx_word' id='word_1_111' title='bbox 1343 1858 1526 1919; x_wconf 70' lang='lat' dir='ltr'><strong>maalmam</strong></span> 
     </span>
     <span class='ocr_line' id='line_1_15' title="bbox 388 1963 1527 2046; baseline 0.004 -19"><span class='ocrx_word' id='word_1_112' title='bbox 388 1967 570 2044; x_wconf 75' lang='lat' dir='ltr'><strong>martyrum</strong></span> <span class='ocrx_word' id='word_1_113' title='bbox 582 1963 744 2046; x_wconf 67' lang='lat' dir='ltr'><strong>Cypriam</strong></span> <span class='ocrx_word' id='word_1_114' title='bbox 755 1965 885 2045; x_wconf 78' lang='lat' dir='ltr'><strong>Spercti</strong></span> <span class='ocrx_word' id='word_1_115' title='bbox 893 1964 1107 2030; x_wconf 76' lang='lat' dir='ltr'><strong>Pcataleooa&#39;a</strong></span> <span class='ocrx_word' id='word_1_116' title='bbox 1120 1971 1174 2031; x_wconf 84' lang='lat' dir='ltr'><strong>etc.</strong></span> <span class='ocrx_word' id='word_1_117' title='bbox 1190 1985 1227 2030; x_wconf 85' lang='lat' dir='ltr'><strong>ex</strong></span> <span class='ocrx_word' id='word_1_118' title='bbox 1240 1967 1344 2031; x_wconf 89' lang='lat' dir='ltr'><strong>codice</strong></span> <span class='ocrx_word' id='word_1_119' title='bbox 1354 1965 1527 2031; x_wconf 88' lang='lat' dir='ltr'><strong>Parisiensi</strong></span> 
     </span>
     <span class='ocr_line' id='line_1_16' title="bbox 393 2072 1526 2160; baseline 0.005 -24"><span class='ocrx_word' id='word_1_120' title='bbox 393 2072 476 2137; x_wconf 91' lang='grc'><strong>1647</strong></span> <span class='ocrx_word' id='word_1_121' title='bbox 492 2074 532 2139; x_wconf 81' lang='grc' dir='ltr'><strong>Α.</strong></span> <span class='ocrx_word' id='word_1_122' title='bbox 550 2073 615 2159; x_wconf 86' lang='grc' dir='ltr'>(Ρ),</span> <span class='ocrx_word' id='word_1_123' title='bbox 637 2075 770 2140; x_wconf 89' lang='lat' dir='ltr'><strong>alteram</strong></span> <span class='ocrx_word' id='word_1_124' title='bbox 791 2093 919 2158; x_wconf 90' lang='lat' dir='ltr'><strong>operum</strong></span> <span class='ocrx_word' id='word_1_125' title='bbox 935 2078 1057 2159; x_wconf 87' lang='lat' dir='ltr'><strong>partem</strong></span> <span class='ocrx_word' id='word_1_126' title='bbox 1072 2076 1146 2141; x_wconf 88' lang='lat' dir='ltr'><strong>inde</strong></span> <span class='ocrx_word' id='word_1_127' title='bbox 1162 2076 1202 2141; x_wconf 90' lang='lat' dir='ltr'><strong>ab</strong></span> <span class='ocrx_word' id='word_1_128' title='bbox 1217 2077 1354 2160; x_wconf 86' lang='lat' dir='ltr'><strong>epistula</strong></span> <span class='ocrx_word' id='word_1_129' title='bbox 1368 2077 1412 2142; x_wconf 86' lang='grc'><strong>60</strong></span> <span class='ocrx_word' id='word_1_130' title='bbox 1425 2096 1526 2159; x_wconf 88' lang='lat' dir='ltr'><strong>usque</strong></span> 
     </span>
     <span class='ocr_line' id='line_1_17' title="bbox 390 2182 1527 2280; baseline 0.004 -33"><span class='ocrx_word' id='word_1_131' title='bbox 390 2182 430 2248; x_wconf 94' lang='lat' dir='ltr'><strong>ad</strong></span> <span class='ocrx_word' id='word_1_132' title='bbox 452 2184 471 2248; x_wconf 99' lang='grc'><strong>7</strong></span> <span class='ocrx_word' id='word_1_133' title='bbox 494 2203 530 2248; x_wconf 82' lang='lat' dir='ltr'><strong>ex</strong></span> <span class='ocrx_word' id='word_1_134' title='bbox 546 2184 784 2280; x_wconf 76' lang='lat' dir='ltr'><strong>compendiensi</strong></span> <span class='ocrx_word' id='word_1_135' title='bbox 805 2187 858 2270; x_wconf 76' lang='grc'><strong>(71)</strong></span> <span class='ocrx_word' id='word_1_136' title='bbox 880 2186 1050 2251; x_wconf 90' lang='lat' dir='ltr'><strong>immutate</strong></span> <span class='ocrx_word' id='word_1_137' title='bbox 1073 2186 1138 2251; x_wconf 86' lang='lat' dir='ltr'><strong>fere</strong></span> <span class='ocrx_word' id='word_1_138' title='bbox 1159 2188 1275 2266; x_wconf 87' lang='lat' dir='ltr'><strong>ordine,</strong></span> <span class='ocrx_word' id='word_1_139' title='bbox 1302 2189 1384 2253; x_wconf 83' lang='lat' dir='ltr'><strong>inter</strong></span> <span class='ocrx_word' id='word_1_140' title='bbox 1405 2188 1527 2269; x_wconf 90' lang='lat' dir='ltr'><strong>reliqua</strong></span> 
     </span>
     <span class='ocr_line' id='line_1_18' title="bbox 390 2292 1524 2379; baseline 0.004 -22"><span class='ocrx_word' id='word_1_141' title='bbox 390 2292 543 2375; x_wconf 89' lang='lat' dir='ltr'><strong>epistulae</strong></span> <span class='ocrx_word' id='word_1_142' title='bbox 558 2293 689 2360; x_wconf 89' lang='lat' dir='ltr'><strong>rariores</strong></span> <span class='ocrx_word' id='word_1_143' title='bbox 703 2296 796 2376; x_wconf 84' lang='lat' dir='ltr'><strong>atque</strong></span> <span class='ocrx_word' id='word_1_144' title='bbox 810 2313 889 2377; x_wconf 89' lang='lat' dir='ltr'><strong>quae</strong></span> <span class='ocrx_word' id='word_1_145' title='bbox 903 2297 1042 2360; x_wconf 90' lang='lat' dir='ltr'><strong>nondum</strong></span> <span class='ocrx_word' id='word_1_146' title='bbox 1057 2297 1142 2361; x_wconf 91' lang='lat' dir='ltr'><strong>edita</strong></span> <span class='ocrx_word' id='word_1_147' title='bbox 1157 2297 1246 2362; x_wconf 89' lang='lat' dir='ltr'><strong>erant</strong></span> <span class='ocrx_word' id='word_1_148' title='bbox 1260 2298 1292 2361; x_wconf 88' lang='lat' dir='ltr'><strong>et</strong></span> <span class='ocrx_word' id='word_1_149' title='bbox 1306 2296 1457 2379; x_wconf 82' lang='lat' dir='ltr'><strong>epistulas</strong></span> <span class='ocrx_word' id='word_1_150' title='bbox 1471 2297 1524 2362; x_wconf 93' lang='grc'><strong>21.</strong></span> 
     </span>
     <span class='ocr_line' id='line_1_19' title="bbox 388 2402 1527 2488; baseline 0.004 -21"><span class='ocrx_word' id='word_1_151' title='bbox 388 2402 442 2467; x_wconf 92' lang='grc'><strong>22.</strong></span> <span class='ocrx_word' id='word_1_152' title='bbox 458 2403 478 2467; x_wconf 91' lang='grc'>8</span> <span class='ocrx_word' id='word_1_153' title='bbox 493 2405 527 2467; x_wconf 90' lang='lat' dir='ltr'><strong>et</strong></span> <span class='ocrx_word' id='word_1_154' title='bbox 540 2405 690 2486; x_wconf 91' lang='lat' dir='ltr'><strong>opuscula</strong></span> <span class='ocrx_word' id='word_1_155' title='bbox 704 2406 810 2488; x_wconf 87' lang='lat' dir='ltr'><strong>spuria</strong></span> <span class='ocrx_word' id='word_1_156' title='bbox 824 2406 962 2488; x_wconf 87' lang='lat' dir='ltr'><strong>quinque</strong></span> <span class='ocrx_word' id='word_1_157' title='bbox 977 2426 1014 2471; x_wconf 87' lang='lat' dir='ltr'><strong>ex</strong></span> <span class='ocrx_word' id='word_1_158' title='bbox 1034 2407 1139 2472; x_wconf 90' lang='lat' dir='ltr'><strong>codice</strong></span> <span class='ocrx_word' id='word_1_159' title='bbox 1153 2407 1253 2472; x_wconf 91' lang='lat' dir='ltr'><strong>Paris.</strong></span> <span class='ocrx_word' id='word_1_160' title='bbox 1272 2408 1365 2484; x_wconf 88' lang='grc'>1648,</span> <span class='ocrx_word' id='word_1_161' title='bbox 1389 2408 1527 2472; x_wconf 90' lang='lat' dir='ltr'><strong>carmina</strong></span> 
     </span>
     <span class='ocr_line' id='line_1_20' title="bbox 390 2512 1528 2598; baseline 0.003 -21"><span class='ocrx_word' id='word_1_162' title='bbox 390 2532 427 2577; x_wconf 82' lang='lat' dir='ltr'><strong>ex</strong></span> <span class='ocrx_word' id='word_1_163' title='bbox 438 2512 544 2579; x_wconf 90' lang='lat' dir='ltr'><strong>codiee</strong></span> <span class='ocrx_word' id='word_1_164' title='bbox 554 2513 711 2580; x_wconf 87' lang='lat' dir='ltr'><strong>Victorico</strong></span> <span class='ocrx_word' id='word_1_165' title='bbox 722 2515 787 2581; x_wconf 92' lang='grc'><strong>380</strong></span> <span class='ocrx_word' id='word_1_166' title='bbox 797 2516 1030 2582; x_wconf 88' lang='lat' dir='ltr'><strong>accuratissime</strong></span> <span class='ocrx_word' id='word_1_167' title='bbox 1041 2516 1208 2598; x_wconf 80' lang='lat' dir='ltr'><strong>descripsit</strong></span> <span class='ocrx_word' id='word_1_168' title='bbox 1218 2518 1252 2581; x_wconf 90' lang='lat' dir='ltr'><strong>et</strong></span> <span class='ocrx_word' id='word_1_169' title='bbox 1263 2516 1449 2582; x_wconf 89' lang='lat' dir='ltr'><strong>emendauit.</strong></span> <span class='ocrx_word' id='word_1_170' title='bbox 1466 2516 1528 2580; x_wconf 91' lang='lat' dir='ltr'><strong>ita-</strong></span> 
     </span>
     <span class='ocr_line' id='line_1_21' title="bbox 306 2622 1529 2711; baseline 0.004 -26"><span class='ocrx_word' id='word_1_171' title='bbox 306 2639 309 2648; x_wconf 89' lang='lat'><em>·</em></span> <span class='ocrx_word' id='word_1_172' title='bbox 391 2640 451 2703; x_wconf 87' lang='lat' dir='ltr'><strong>que</strong></span> <span class='ocrx_word' id='word_1_173' title='bbox 462 2622 635 2688; x_wconf 89' lang='lat' dir='ltr'><strong>Moraliana</strong></span> <span class='ocrx_word' id='word_1_174' title='bbox 648 2625 787 2706; x_wconf 88' lang='lat' dir='ltr'><strong>reliquas</strong></span> <span class='ocrx_word' id='word_1_175' title='bbox 799 2626 865 2690; x_wconf 89' lang='lat' dir='ltr'><strong>tam</strong></span> <span class='ocrx_word' id='word_1_176' title='bbox 877 2626 1061 2711; x_wconf 81' lang='lat' dir='ltr'><strong>integritate</strong></span> <span class='ocrx_word' id='word_1_177' title='bbox 1075 2628 1203 2708; x_wconf 85' lang='lat' dir='ltr'><strong>superat</strong></span> <span class='ocrx_word' id='word_1_178' title='bbox 1213 2644 1307 2708; x_wconf 91' lang='lat' dir='ltr'><strong>quam</strong></span> <span class='ocrx_word' id='word_1_179' title='bbox 1322 2627 1529 2691; x_wconf 83' lang='lat' dir='ltr'><strong>recentiorum</strong></span> 
     </span>
    </p>
   </div>
   <div class='ocr_carea' id='block_1_4' title="bbox 284 2723 1531 2820">
    <p class='ocr_par' dir='ltr' id='par_1_4' title="bbox 284 2723 1531 2820">
     <span class='ocr_line' id='line_1_22' title="bbox 284 2723 1531 2820; baseline -0.002 -17"><span class='ocrx_word' id='word_1_180' title='bbox 284 2798 287 2803; x_wconf 84' lang='grc'><strong>.</strong></span> <span class='ocrx_word' id='word_1_181' title='bbox 391 2732 534 2799; x_wconf 89' lang='lat' dir='ltr'><strong>codicum</strong></span> <span class='ocrx_word' id='word_1_182' title='bbox 569 2723 766 2818; x_wconf 79' lang='lat' dir='ltr'><strong>plebeculam</strong></span> <span class='ocrx_word' id='word_1_183' title='bbox 795 2737 834 2801; x_wconf 80' lang='lat' dir='ltr'><strong>al</strong></span> <span class='ocrx_word' id='word_1_184' title='bbox 863 2737 1091 2803; x_wconf 86' lang='lat' dir='ltr'><strong>uetustioribus</strong></span> <span class='ocrx_word' id='word_1_185' title='bbox 1121 2737 1241 2802; x_wconf 85' lang='lat' dir='ltr'><strong>uirtute</strong></span> <span class='ocrx_word' id='word_1_186' title='bbox 1269 2736 1408 2820; x_wconf 89' lang='lat' dir='ltr'><strong>superari</strong></span> <span class='ocrx_word' id='word_1_187' title='bbox 1437 2753 1531 2818; x_wconf 91' lang='lat' dir='ltr'><strong>supra</strong></span> 
     </span>
    </p>
   </div>
   <div class='ocr_carea' id='block_1_5' title="bbox 393 2844 1527 3037">
    <p class='ocr_par' dir='ltr' id='par_1_5' title="bbox 393 2844 1527 3037">
     <span class='ocr_line' id='line_1_23' title="bbox 393 2844 715 2911; baseline 0.009 -3"><span class='ocrx_word' id='word_1_188' title='bbox 393 2844 642 2911; x_wconf 88' lang='lat' dir='ltr'><strong>demonstratum</strong></span> <span class='ocrx_word' id='word_1_189' title='bbox 657 2847 715 2911; x_wconf 93' lang='lat' dir='ltr'><strong>est.</strong></span> 
     </span>
     <span class='ocr_line' id='line_1_24' title="bbox 418 2953 1527 3037; baseline 0 -18"><span class='ocrx_word' id='word_1_190' title='bbox 418 2953 598 3036; x_wconf 48' lang='lat' dir='ltr'><strong>‘Optimam</strong></span> <span class='ocrx_word' id='word_1_191' title='bbox 619 2956 742 3020; x_wconf 85' lang='lat' dir='ltr'><strong>Marelii</strong></span> <span class='ocrx_word' id='word_1_192' title='bbox 764 2956 933 3021; x_wconf 90' lang='lat' dir='ltr'><strong>editionem</strong></span> <span class='ocrx_word' id='word_1_193' title='bbox 954 2956 1091 3037; x_wconf 87' lang='lat' dir='ltr'><strong>pessima</strong></span> <span class='ocrx_word' id='word_1_194' title='bbox 1105 2955 1241 3020; x_wconf 88' lang='lat' dir='ltr'><strong>Pamelii</strong></span> <span class='ocrx_word' id='word_1_195' title='bbox 1261 2957 1369 3020; x_wconf 87' lang='lat' dir='ltr'><strong>secuta</strong></span> <span class='ocrx_word' id='word_1_196' title='bbox 1390 2958 1447 3020; x_wconf 90' lang='lat' dir='ltr'><strong>est.</strong></span> <span class='ocrx_word' id='word_1_197' title='bbox 1474 2955 1527 3037; x_wconf 90' lang='lat' dir='ltr'><strong>qui</strong></span> 
     </span>
    </p>
   </div>
   <div class='ocr_carea' id='block_1_6' title="bbox 257 3052 1531 3150">
    <p class='ocr_par' dir='ltr' id='par_1_6' title="bbox 257 3052 1531 3150">
     <span class='ocr_line' id='line_1_25' title="bbox 257 3052 1531 3150; baseline -0.001 -21"><span class='ocrx_word' id='word_1_198' title='bbox 257 3052 292 3084; x_wconf 71' lang='lat'><strong>⁸¹²</strong></span> <span class='ocrx_word' id='word_1_199' title='bbox 338 3054 374 3084; x_wconf 74' lang='lat'><strong>&#39;²⁸&#39;</strong></span> <span class='ocrx_word' id='word_1_200' title='bbox 392 3083 465 3129; x_wconf 90' lang='lat' dir='ltr'><strong>cum</strong></span> <span class='ocrx_word' id='word_1_201' title='bbox 487 3068 650 3150; x_wconf 86' lang='lat' dir='ltr'><strong>conplures</strong></span> <span class='ocrx_word' id='word_1_202' title='bbox 671 3083 767 3131; x_wconf 88' lang='lat' dir='ltr'><strong>annos</strong></span> <span class='ocrx_word' id='word_1_203' title='bbox 787 3066 852 3132; x_wconf 90' lang='lat' dir='ltr'><strong>iam</strong></span> <span class='ocrx_word' id='word_1_204' title='bbox 872 3065 947 3131; x_wconf 92' lang='lat' dir='ltr'><strong>hnic</strong></span> <span class='ocrx_word' id='word_1_205' title='bbox 967 3065 1013 3130; x_wconf 90' lang='lat' dir='ltr'><strong>rei</strong></span> <span class='ocrx_word' id='word_1_206' title='bbox 1029 3083 1155 3147; x_wconf 89' lang='lat' dir='ltr'><strong>operam</strong></span> <span class='ocrx_word' id='word_1_207' title='bbox 1169 3066 1326 3142; x_wconf 85' lang='lat' dir='ltr'><strong>nauasset‚</strong></span> <span class='ocrx_word' id='word_1_208' title='bbox 1346 3064 1531 3129; x_wconf 88' lang='lat' dir='ltr'><strong>Manutiaua</strong></span> 
     </span>
    </p>
   </div>
   <div class='ocr_carea' id='block_1_7' title="bbox 392 3175 1530 3371">
    <p class='ocr_par' dir='ltr' id='par_1_7' title="bbox 392 3175 1530 3371">
     <span class='ocr_line' id='line_1_26' title="bbox 393 3175 1530 3261; baseline -0.004 -18"><span class='ocrx_word' id='word_1_209' title='bbox 393 3178 426 3243; x_wconf 90' lang='lat' dir='ltr'><strong>et</strong></span> <span class='ocrx_word' id='word_1_210' title='bbox 450 3176 624 3243; x_wconf 88' lang='lat' dir='ltr'><strong>Moraliana</strong></span> <span class='ocrx_word' id='word_1_211' title='bbox 653 3180 761 3243; x_wconf 91' lang='lat' dir='ltr'><strong>eodem</strong></span> <span class='ocrx_word' id='word_1_212' title='bbox 786 3178 851 3243; x_wconf 87' lang='lat' dir='ltr'><strong>fere</strong></span> <span class='ocrx_word' id='word_1_213' title='bbox 877 3179 1016 3259; x_wconf 88' lang='lat' dir='ltr'><strong>tempore</strong></span> <span class='ocrx_word' id='word_1_214' title='bbox 1046 3178 1187 3261; x_wconf 85' lang='lat' dir='ltr'><strong>uulgatis</strong></span> <span class='ocrx_word' id='word_1_215' title='bbox 1216 3175 1351 3240; x_wconf 84' lang='lat' dir='ltr'><strong>maxime</strong></span> <span class='ocrx_word' id='word_1_216' title='bbox 1377 3175 1530 3240; x_wconf 83' lang='lat' dir='ltr'><strong>incitatus</strong></span> 
     </span>
     <span class='ocr_line' id='line_1_27' title="bbox 392 3285 1529 3371; baseline 0 -21"><span class='ocrx_word' id='word_1_217' title='bbox 392 3285 540 3371; x_wconf 85' lang='lat' dir='ltr'><strong>(lypriani</strong></span> <span class='ocrx_word' id='word_1_218' title='bbox 555 3305 647 3368; x_wconf 88' lang='lat' dir='ltr'><strong>opera</strong></span> <span class='ocrx_word' id='word_1_219' title='bbox 661 3287 866 3370; x_wconf 86' lang='lat' dir='ltr'><strong>Antwerpiae</strong></span> <span class='ocrx_word' id='word_1_220' title='bbox 881 3287 982 3352; x_wconf 88' lang='lat' dir='ltr'><strong>edidit</strong></span> <span class='ocrx_word' id='word_1_221' title='bbox 997 3306 1024 3352; x_wconf 91' lang='lat' dir='ltr'><strong>a.</strong></span> <span class='ocrx_word' id='word_1_222' title='bbox 1044 3287 1145 3362; x_wconf 87' lang='grc'><strong>1568;</strong></span> <span class='ocrx_word' id='word_1_223' title='bbox 1164 3303 1226 3368; x_wconf 88' lang='lat' dir='ltr'><strong>qua</strong></span> <span class='ocrx_word' id='word_1_224' title='bbox 1240 3286 1274 3350; x_wconf 92' lang='lat' dir='ltr'><strong>in</strong></span> <span class='ocrx_word' id='word_1_225' title='bbox 1288 3305 1321 3350; x_wconf 88' lang='lat' dir='ltr'><strong>ro</strong></span> <span class='ocrx_word' id='word_1_226' title='bbox 1336 3285 1370 3350; x_wconf 95' lang='lat' dir='ltr'><strong>id</strong></span> <span class='ocrx_word' id='word_1_227' title='bbox 1384 3285 1529 3368; x_wconf 90' lang='lat' dir='ltr'><strong>inprimis</strong></span> 
     </span>
    </p>
   </div>
   <div class='ocr_carea' id='block_1_8' title="bbox 270 3395 1530 3498">
    <p class='ocr_par' dir='ltr' id='par_1_8' title="bbox 270 3395 1530 3498">
     <span class='ocr_line' id='line_1_28' title="bbox 270 3395 1530 3498; baseline -0.004 -33"><span class='ocrx_word' id='word_1_228' title='bbox 270 3492 273 3498; x_wconf 25' lang='grc' dir='ltr'>Ι</span> <span class='ocrx_word' id='word_1_229' title='bbox 392 3399 453 3465; x_wconf 91' lang='lat' dir='ltr'><strong>sibi</strong></span> <span class='ocrx_word' id='word_1_230' title='bbox 474 3400 637 3482; x_wconf 90' lang='lat' dir='ltr'><strong>proposuit</strong></span> <span class='ocrx_word' id='word_1_231' title='bbox 650 3401 688 3464; x_wconf 92' lang='lat' dir='ltr'><strong>ut</strong></span> <span class='ocrx_word' id='word_1_232' title='bbox 707 3399 858 3482; x_wconf 87' lang='lat' dir='ltr'><strong>epistulas</strong></span> <span class='ocrx_word' id='word_1_233' title='bbox 873 3401 1052 3480; x_wconf 92' lang='lat' dir='ltr'><strong>temporum</strong></span> <span class='ocrx_word' id='word_1_234' title='bbox 1066 3397 1268 3479; x_wconf 88' lang='lat' dir='ltr'><strong>potissimum</strong></span> <span class='ocrx_word' id='word_1_235' title='bbox 1283 3395 1394 3460; x_wconf 89' lang='lat' dir='ltr'><strong>habita</strong></span> <span class='ocrx_word' id='word_1_236' title='bbox 1408 3396 1530 3461; x_wconf 89' lang='lat' dir='ltr'><strong>ratione</strong></span> 
     </span>
    </p>
   </div>
   <div class='ocr_carea' id='block_1_9' title="bbox 390 3505 1548 4370">
    <p class='ocr_par' dir='ltr' id='par_1_9' title="bbox 390 3505 1548 4370">
     <span class='ocr_line' id='line_1_29' title="bbox 392 3505 1528 3593; baseline -0.004 -18"><span class='ocrx_word' id='word_1_237' title='bbox 392 3527 429 3576; x_wconf 91' lang='lat' dir='ltr'><strong>eo</strong></span> <span class='ocrx_word' id='word_1_238' title='bbox 443 3510 552 3575; x_wconf 87' lang='lat' dir='ltr'><strong>ordine</strong></span> <span class='ocrx_word' id='word_1_239' title='bbox 566 3528 626 3592; x_wconf 89' lang='lat' dir='ltr'><strong>quo</strong></span> <span class='ocrx_word' id='word_1_240' title='bbox 641 3529 661 3575; x_wconf 89' lang='lat' dir='ltr'><strong>a</strong></span> <span class='ocrx_word' id='word_1_241' title='bbox 676 3507 829 3593; x_wconf 78' lang='lat' dir='ltr'><strong>Cypriane</strong></span> <span class='ocrx_word' id='word_1_242' title='bbox 844 3509 979 3593; x_wconf 89' lang='lat' dir='ltr'><strong>scriptae</strong></span> <span class='ocrx_word' id='word_1_243' title='bbox 994 3509 1180 3591; x_wconf 88' lang='lat' dir='ltr'><strong>acceptaeue</strong></span> <span class='ocrx_word' id='word_1_244' title='bbox 1194 3506 1339 3585; x_wconf 85' lang='lat' dir='ltr'><strong>fuissent,</strong></span> <span class='ocrx_word' id='word_1_245' title='bbox 1361 3505 1528 3572; x_wconf 89' lang='lat' dir='ltr'><strong>exhiberet.</strong></span> 
     </span>
     <span class='ocr_line' id='line_1_30' title="bbox 392 3617 1529 3702; baseline -0.003 -18"><span class='ocrx_word' id='word_1_246' title='bbox 392 3619 539 3684; x_wconf 86' lang='lat' dir='ltr'><strong>distinxit</strong></span> <span class='ocrx_word' id='word_1_247' title='bbox 563 3620 664 3686; x_wconf 87' lang='lat' dir='ltr'><strong>tomos</strong></span> <span class='ocrx_word' id='word_1_248' title='bbox 691 3623 755 3685; x_wconf 85' lang='lat' dir='ltr'><strong>tres</strong></span> <span class='ocrx_word' id='word_1_249' title='bbox 782 3637 915 3702; x_wconf 91' lang='lat' dir='ltr'><strong>quorum</strong></span> <span class='ocrx_word' id='word_1_250' title='bbox 939 3619 1063 3702; x_wconf 89' lang='lat' dir='ltr'><strong>primus</strong></span> <span class='ocrx_word' id='word_1_251' title='bbox 1089 3619 1242 3702; x_wconf 88' lang='lat' dir='ltr'><strong>epistulas</strong></span> <span class='ocrx_word' id='word_1_252' title='bbox 1268 3617 1470 3698; x_wconf 86' lang='lat' dir='ltr'><strong>amplectitur</strong></span> <span class='ocrx_word' id='word_1_253' title='bbox 1495 3617 1529 3681; x_wconf 94' lang='lat' dir='ltr'><strong>in</strong></span> 
     </span>
     <span class='ocr_line' id='line_1_31' title="bbox 391 3727 1548 3820; baseline -0.003 -25"><span class='ocrx_word' id='word_1_254' title='bbox 391 3729 497 3813; x_wconf 91' lang='lat' dir='ltr'><strong>plures</strong></span> <span class='ocrx_word' id='word_1_255' title='bbox 526 3729 639 3797; x_wconf 91' lang='lat' dir='ltr'><strong>classes</strong></span> <span class='ocrx_word' id='word_1_256' title='bbox 670 3730 798 3796; x_wconf 88' lang='lat' dir='ltr'><strong>diuisas.</strong></span> <span class='ocrx_word' id='word_1_257' title='bbox 828 3730 963 3813; x_wconf 91' lang='lat' dir='ltr'><strong>primam</strong></span> <span class='ocrx_word' id='word_1_258' title='bbox 994 3730 1192 3797; x_wconf 87' lang='lat' dir='ltr'><strong>constituunt</strong></span> <span class='ocrx_word' id='word_1_259' title='bbox 1218 3727 1391 3809; x_wconf 80' lang='lat' dir='ltr'><strong>Epistulae</strong></span> <span class='ocrx_word' id='word_1_260' title='bbox 1418 3728 1548 3820; x_wconf 69' lang='lat' dir='ltr'><strong>statim</strong></span> 
     </span>
     <span class='ocr_line' id='line_1_32' title="bbox 390 3837 1527 3922; baseline -0.004 -17"><span class='ocrx_word' id='word_1_261' title='bbox 390 3860 413 3905; x_wconf 85' lang='lat' dir='ltr'><strong>a</strong></span> <span class='ocrx_word' id='word_1_262' title='bbox 437 3840 592 3921; x_wconf 80' lang='lat' dir='ltr'><strong>baptismo</strong></span> <span class='ocrx_word' id='word_1_263' title='bbox 622 3839 782 3922; x_wconf 58' lang='lat' dir='ltr'><strong>Cypriani</strong></span> <span class='ocrx_word' id='word_1_264' title='bbox 809 3840 1021 3920; x_wconf 73' lang='lat' dir='ltr'><strong>moseriptae:</strong></span> <span class='ocrx_word' id='word_1_265' title='bbox 1049 3841 1072 3922; x_wconf 84' lang='lat'><strong>†</strong></span> <span class='ocrx_word' id='word_1_266' title='bbox 1097 3838 1224 3905; x_wconf 70' lang='lat' dir='ltr'><strong>Donati</strong></span> <span class='ocrx_word' id='word_1_267' title='bbox 1253 3838 1297 3903; x_wconf 83' lang='lat' dir='ltr'><strong>ad</strong></span> <span class='ocrx_word' id='word_1_268' title='bbox 1323 3837 1527 3919; x_wconf 68' lang='lat' dir='ltr'><strong>Cyparissum</strong></span> 
     </span>
     <span class='ocr_line' id='line_1_33' title="bbox 393 3949 1528 4036; baseline -0.003 -20"><span class='ocrx_word' id='word_1_269' title='bbox 393 3949 624 4036; x_wconf 80' lang='lat' dir='ltr'><strong>(App.2‘12‚3)‚</strong></span> <span class='ocrx_word' id='word_1_270' title='bbox 641 3950 801 4033; x_wconf 67' lang='lat' dir='ltr'><strong>Cypriam</strong></span> <span class='ocrx_word' id='word_1_271' title='bbox 815 3951 859 4016; x_wconf 86' lang='lat' dir='ltr'><strong>ad</strong></span> <span class='ocrx_word' id='word_1_272' title='bbox 869 3949 1048 4028; x_wconf 76' lang='lat' dir='ltr'><strong>Donatum,</strong></span> <span class='ocrx_word' id='word_1_273' title='bbox 1063 3951 1094 4016; x_wconf 89' lang='lat'><strong>8.</strong></span> <span class='ocrx_word' id='word_1_274' title='bbox 1111 3953 1141 4018; x_wconf 86' lang='lat'><strong>9.</strong></span> <span class='ocrx_word' id='word_1_275' title='bbox 1158 3951 1188 4015; x_wconf 94' lang='grc'><strong>5.</strong></span> <span class='ocrx_word' id='word_1_276' title='bbox 1206 3950 1256 4014; x_wconf 88' lang='lat'><strong>14.</strong></span> <span class='ocrx_word' id='word_1_277' title='bbox 1274 3949 1323 4014; x_wconf 85' lang='lat'><strong>13.</strong></span> <span class='ocrx_word' id='word_1_278' title='bbox 1342 3950 1391 4015; x_wconf 89' lang='lat'><strong>11.</strong></span> <span class='ocrx_word' id='word_1_279' title='bbox 1410 3949 1459 4014; x_wconf 92' lang='lat'><strong>10.</strong></span> <span class='ocrx_word' id='word_1_280' title='bbox 1478 3950 1528 4014; x_wconf 87' lang='lat'><strong>16.</strong></span> 
     </span>
     <span class='ocr_line' id='line_1_34' title="bbox 394 4060 1531 4145; baseline -0.001 -18"><span class='ocrx_word' id='word_1_281' title='bbox 394 4063 445 4128; x_wconf 91' lang='grc'><strong>15.</strong></span> <span class='ocrx_word' id='word_1_282' title='bbox 470 4063 520 4127; x_wconf 92' lang='grc'><strong>17.</strong></span> <span class='ocrx_word' id='word_1_283' title='bbox 546 4063 596 4128; x_wconf 88' lang='grc'><strong>18.</strong></span> <span class='ocrx_word' id='word_1_284' title='bbox 621 4064 671 4128; x_wconf 90' lang='grc'><strong>19.</strong></span> <span class='ocrx_word' id='word_1_285' title='bbox 693 4063 744 4128; x_wconf 93' lang='grc'><strong>20.</strong></span> <span class='ocrx_word' id='word_1_286' title='bbox 765 4063 817 4127; x_wconf 88' lang='grc'><strong>37.</strong></span> <span class='ocrx_word' id='word_1_287' title='bbox 840 4063 892 4129; x_wconf 89' lang='grc'><strong>23.</strong></span> <span class='ocrx_word' id='word_1_288' title='bbox 914 4063 966 4129; x_wconf 91' lang='grc'><strong>26.</strong></span> <span class='ocrx_word' id='word_1_289' title='bbox 989 4062 1042 4127; x_wconf 88' lang='grc'><strong>24.</strong></span> <span class='ocrx_word' id='word_1_290' title='bbox 1058 4061 1111 4128; x_wconf 87' lang='grc'><strong>25.</strong></span> <span class='ocrx_word' id='word_1_291' title='bbox 1129 4062 1182 4145; x_wconf 91' lang='grc'><strong>21.</strong></span> <span class='ocrx_word' id='word_1_292' title='bbox 1200 4061 1253 4126; x_wconf 91' lang='grc'><strong>22.</strong></span> <span class='ocrx_word' id='word_1_293' title='bbox 1269 4061 1322 4126; x_wconf 92' lang='grc'><strong>27.</strong></span> <span class='ocrx_word' id='word_1_294' title='bbox 1337 4061 1389 4127; x_wconf 91' lang='grc'><strong>29.</strong></span> <span class='ocrx_word' id='word_1_295' title='bbox 1406 4060 1459 4126; x_wconf 90' lang='grc'><strong>28.</strong></span> <span class='ocrx_word' id='word_1_296' title='bbox 1476 4061 1531 4126; x_wconf 93' lang='grc'><strong>31.</strong></span> 
     </span>
     <span class='ocr_line' id='line_1_35' title="bbox 393 4173 1530 4249; baseline -0.004 -9"><span class='ocrx_word' id='word_1_297' title='bbox 393 4175 445 4240; x_wconf 89' lang='grc'><strong>33.</strong></span> <span class='ocrx_word' id='word_1_298' title='bbox 469 4173 521 4239; x_wconf 88' lang='grc'><strong>34.</strong></span> <span class='ocrx_word' id='word_1_299' title='bbox 543 4176 594 4242; x_wconf 90' lang='grc'><strong>35.</strong></span> <span class='ocrx_word' id='word_1_300' title='bbox 616 4176 668 4241; x_wconf 86' lang='grc'><strong>36.</strong></span> <span class='ocrx_word' id='word_1_301' title='bbox 690 4176 742 4240; x_wconf 91' lang='grc'><strong>30.</strong></span> <span class='ocrx_word' id='word_1_302' title='bbox 764 4175 815 4239; x_wconf 89' lang='grc'><strong>32.</strong></span> <span class='ocrx_word' id='word_1_303' title='bbox 837 4175 889 4241; x_wconf 90' lang='grc'><strong>38.</strong></span> <span class='ocrx_word' id='word_1_304' title='bbox 910 4175 963 4240; x_wconf 89' lang='grc'><strong>39.</strong></span> <span class='ocrx_word' id='word_1_305' title='bbox 984 4175 1038 4239; x_wconf 87' lang='grc'><strong>40.</strong></span> <span class='ocrx_word' id='word_1_306' title='bbox 1056 4175 1085 4239; x_wconf 94' lang='grc'><strong>7.</strong></span> <span class='ocrx_word' id='word_1_307' title='bbox 1103 4174 1154 4238; x_wconf 92' lang='grc'><strong>12.</strong></span> <span class='ocrx_word' id='word_1_308' title='bbox 1174 4174 1227 4237; x_wconf 94' lang='grc'><strong>41.</strong></span> <span class='ocrx_word' id='word_1_309' title='bbox 1243 4173 1296 4237; x_wconf 89' lang='grc'><strong>42.</strong></span> <span class='ocrx_word' id='word_1_310' title='bbox 1311 4173 1371 4249; x_wconf 83' lang='grc'><strong>43;</strong></span> <span class='ocrx_word' id='word_1_311' title='bbox 1397 4173 1530 4237; x_wconf 86' lang='lat' dir='ltr'><strong>alteram</strong></span> 
     </span>
     <span class='ocr_line' id='line_1_36' title="bbox 393 4282 1527 4370; baseline -0.001 -21"><span class='ocrx_word' id='word_1_312' title='bbox 393 4282 560 4368; x_wconf 80' lang='lat' dir='ltr'><strong>Epistulae</strong></span> <span class='ocrx_word' id='word_1_313' title='bbox 573 4285 711 4369; x_wconf 77' lang='lat' dir='ltr'><strong>scriptae</strong></span> <span class='ocrx_word' id='word_1_314' title='bbox 723 4286 780 4353; x_wconf 79' lang='lat' dir='ltr'><strong>aab</strong></span> <span class='ocrx_word' id='word_1_315' title='bbox 789 4285 982 4370; x_wconf 63' lang='lat' dir='ltr'><strong>peciam</strong></span> <span class='ocrx_word' id='word_1_316' title='bbox 998 4284 1141 4354; x_wconf 74' lang='lat' dir='ltr'><strong>Cornelii</strong></span> <span class='ocrx_word' id='word_1_317' title='bbox 1155 4288 1185 4349; x_wconf 81' lang='lat' dir='ltr'><strong>ec</strong></span> <span class='ocrx_word' id='word_1_318' title='bbox 1199 4283 1313 4350; x_wconf 73' lang='lat' dir='ltr'><strong>dacii:</strong></span> <span class='ocrx_word' id='word_1_319' title='bbox 1337 4282 1390 4349; x_wconf 92' lang='grc'><strong>44.</strong></span> <span class='ocrx_word' id='word_1_320' title='bbox 1406 4282 1459 4348; x_wconf 91' lang='grc'><strong>45.</strong></span> <span class='ocrx_word' id='word_1_321' title='bbox 1474 4282 1517 4347; x_wconf 90' lang='grc'><strong>47</strong></span> <span class='ocrx_word' id='word_1_322' title='bbox 1520 4333 1527 4348; x_wconf 91' lang='grc'><strong>.</strong></span> 
     </span>
    </p>
   </div>
   <div class='ocr_carea' id='block_1_10' title="bbox 0 0 1873 4920">
    <p class='ocr_par' dir='ltr' id='par_1_10' title="bbox 0 0 1873 4920">
     <span class='ocr_line' id='line_1_37' title="bbox 0 0 1873 4920; baseline 0 0"><span class='ocrx_word' id='word_1_323' title='bbox 0 0 1873 4920; x_wconf 95' lang='lat' dir='ltr'><strong> </strong></span> 
     </span>
    </p>
   </div>
  </div>
 </body>
</html>
