3720 4920
867 342 1053 415 Appendix.

586 500 625 559 Et
639 501 745 561 celeres
761 483 837 562 uitae
850 503 964 562 facilem
977 501 1091 562 haurite
1105 499 1254 574 liquorem.

523 603 565 660 40
586 602 617 661 Si
631 603 695 676 quis
710 603 782 662 uelit
796 621 901 676 poenae
915 607 1047 664 aeternae
1061 602 1181 662 euadere
1196 601 1326 659 flammae

586 705 762 778 ignarusque
777 706 823 764 die
839 707 1008 779 uenturique
1024 706 1131 764 inscius
1145 703 1209 762 aeui

586 806 625 864 Et
639 805 730 865 iustae
745 807 841 881 potius
856 807 978 882 adipisci
993 807 1120 881 praemia
1134 806 1221 876 uitae,

585 908 670 966 Hunc
684 927 772 968 unum
786 912 949 970 meminisse
964 911 1057 969 Deum
1072 910 1218 980 solumque
1233 905 1415 978 precandum,

586 1010 640 1080 Qui
655 1014 746 1071 totum
761 1011 791 1071 in
806 1012 881 1072 libra
895 1013 991 1088 posuit
1006 1013 1059 1071 sub
1074 1010 1173 1070 limine
1189 1009 1334 1079 mundum,

523 1111 563 1169 45
586 1114 796 1186 Aeternumque
811 1132 927 1174 manens
943 1131 1109 1187 semperque
1124 1113 1238 1171 futurus
1253 1110 1283 1167 in
1297 1125 1408 1179 aeuum,

586 1216 704 1277 Saecula
716 1223 819 1279 cuneta
833 1221 945 1290 tenens,
960 1221 990 1278 et
1005 1221 1072 1277 ante
1087 1215 1202 1276 saecula
1215 1214 1302 1285 solue,

586 1317 736 1392 Ingenitus
750 1321 811 1379 sine
826 1320 881 1377 fine
896 1322 972 1380 Deus
988 1322 1177 1392 thronumque
1193 1317 1319 1374 diuinum

586 1419 670 1478 Solus
683 1420 792 1479 babens
807 1423 916 1480 eaelum
931 1437 1042 1493 semper
1056 1419 1246 1493 supereminet
1260 1417 1350 1475 ultum

586 1520 771 1594 Omnipotens
786 1523 873 1593 uolua,
889 1523 934 1582 cui
951 1525 1053 1596 parent
1067 1521 1162 1580 omnia
1177 1537 1283 1589 rerum,

523 1622 565 1680 50
588 1622 684 1697 [Pater
698 1622 774 1682 filius
790 1626 908 1697 spiritus
923 1625 972 1700 qui
987 1628 1055 1684 sunt
1070 1639 1180 1695 semper
1195 1623 1224 1679 in
1241 1620 1336 1694 unum]

586 1724 640 1793 Qui
655 1725 711 1783 sibi
726 1726 915 1799 conplacitum
930 1727 1073 1786 bominem
1087 1725 1222 1784 formauit
1237 1723 1267 1780 in
1283 1739 1392 1790 aeuum,

585 1828 733 1887 Pastorem
748 1831 895 1900 pecudum,
911 1828 1053 1887 dominum
1069 1828 1148 1885 dedit
1162 1842 1223 1884 esse
1239 1825 1363 1882 ferarum

586 1928 691 2001 Iusque
706 1929 785 1987 dedit
799 1930 945 1988 uolucmm
959 1933 1133 2001 pontumque
1148 1928 1239 1986 solum
1257 1924 1466 1992 dominandum,

585 2030 640 2099 Qui
655 2048 783 2090 sermone
798 2036 881 2090 tenue
896 2032 990 2104 potuit
1005 2032 1156 2089 extendere
1172 2030 1281 2087 caelum

523 2131 563 2190 55
585 2132 624 2190 Et
638 2132 758 2191 solidam
772 2134 859 2191 uerbo
875 2133 960 2191 iussit
982 2133 1153 2204 suspendore
1169 2133 1275 2189 terram

584 2236 628 2293 Ac
643 2234 718 2293 dicto
734 2235 818 2293 eitius
834 2235 979 2308 separauit
994 2234 1124 2306 aequoris
1139 2234 1254 2302 undam,

584 2335 667 2394 Hanc
681 2336 812 2394 manibus
827 2352 921 2395 caram
936 2334 1038 2394 dilexit
1051 2335 1161 2407 fingere
1175 2332 1294 2391 formam

583 2437 775 2510 Decoramque
791 2455 870 2496 suum
883 2436 976 2496 noluit
990 2438 1084 2496 inesse
1099 2436 1228 2509 figuram,

584 2539 693 2611 Spiritu
708 2539 849 2597 uiuificam
864 2539 981 2598 adflauit
995 2538 1124 2596 uultibus
1139 2554 1246 2596 auram.

518 2642 559 2699 60
623 2642 773 2700 Immemor
786 2641 834 2699 ille
850 2641 913 2713 Dei,
927 2643 1032 2699 temere
1047 2639 1214 2699 conmittere
1229 2638 1320 2707 tantm

583 2742 644 2801 Nec
659 2743 739 2801 ultra
752 2743 888 2801 monitum
905 2744 1054 2815 quicquam
1070 2742 1264 2812 contingeret:
1281 2755 1377 2805 unum,

583 2845 664 2904 Vnde
679 2845 783 2904 malum
799 2845 885 2904 sciret
899 2847 929 2903 et
943 2846 1016 2903 unde
1032 2844 1191 2902 dinosceret
1205 2858 1326 2913 aequum

582 2947 727 3015 Protinus,
743 2946 884 3004 inlicitum
899 2946 992 3004 uetuit
1007 2944 1169 3017 contingere
1184 2960 1305 3016 pomum.

585 3047 696 3116 Quanta
711 3048 786 3106 Deus
801 3046 908 3105 homini
922 3046 1052 3118 permisit
1067 3061 1184 3104 munera
1198 3042 1295 3101 muudi

520 3151 559 3209 65
581 3151 620 3209 ut
635 3150 786 3222 praedulce
801 3150 845 3208 sui
860 3145 988 3223 signauit
1003 3150 1108 3223 pignus
1123 3147 1236 3217 amoris,

583 3252 675 3311 Vtilia
690 3254 720 3309 et
734 3269 800 3310 cara
814 3252 917 3310 tribuit
931 3253 1067 3310 mandata
1081 3250 1194 3320 salutis,

589 3354 647 3413 Sub
662 3353 771 3414 dicione
787 3354 866 3414 dedit
880 3357 972 3414 terras
987 3355 1166 3425 animumque
1180 3351 1334 3420 uiuentem,

463 3623 498 3676 39
515 3625 622 3694 celeres]
641 3625 766 3677 caelestia
782 3625 818 3678 W
889 3624 925 3677 40
943 3625 1003 3691 quir
1017 3623 1088 3678 DTu
1158 3622 1237 3676 uellit
1251 3624 1290 3676 W
1356 3623 1462 3677 flamum
1480 3625 1524 3690 W,

394 3708 475 3762 flama
493 3709 519 3762 Τ
681 3711 715 3763 41
734 3709 777 3763 die
794 3709 856 3773 ΒΤ,
874 3709 919 3762 dci
940 3710 978 3764 W
1143 3708 1178 3760 43
1193 3707 1275 3762 >doum
1292 3709 1445 3762 meminisse
1463 3709 1492 3763 D

394 3793 544 3847 441ibrum
565 3796 591 3849 1'
743 3795 845 3847 lumino
864 3795 903 3849 W
1060 3794 1096 3847 45
1114 3799 1289 3861 aeternusque
1310 3795 1349 3849 W
1365 3811 1415 3847 nus
1432 3812 1453 3848 a.
1472 3795 1490 3849 1.

394 3880 429 3933 46
447 3883 474 3932 et
491 3882 555 3933 ante
571 3879 675 3943 DTW,
693 3881 756 3933 ante
773 3881 863 3934 omnic
879 3879 966 3934 Febr.
985 3885 1011 3933 et
1028 3896 1046 3933 o
1157 3881 1221 3932 colia
1243 3881 1282 3934 W
1386 3881 1422 3935 48
1439 3881 1525 3936 caelos

394 3963 431 4027 D,
450 3966 522 4018 caelo
543 3966 584 4019 To
682 3981 784 4033 semper
802 3981 853 4019 oio.
879 3966 917 4019 W
1017 3966 1075 4019 alto
1092 3965 1204 4019 1)ch
1306 3966 1341 4019 50
1357 3981 1407 4020 ona
1427 3966 1492 4022 TW

394 4050 507 4120 spiritus
525 4054 634 4105 sanctus
651 4051 681 4106 D
761 4052 795 4106 52
813 4050 889 4105 dedit
907 4067 963 4105 esse
979 4051 1074 4114 Febr..
1092 4049 1196 4105 dedisse
1212 4049 1325 4107 DTWo
1401 4050 1435 4105 56
1453 4050 1525 4107 dicto

394 4136 476 4189 citius
495 4137 521 4190 Τ
535 4138 567 4190 in
585 4153 639 4190 ras.
732 4138 765 4190 57
784 4154 873 4190 curum
889 4139 915 4190 T
1004 4137 1039 4191 62
1057 4153 1150 4204 aequm
1167 4137 1203 4199 D,
1221 4153 1311 4190 aecum
1328 4139 1354 4189 Τ
1442 4138 1476 4192 66
1495 4141 1526 4192 ut

395 4218 446 4274 illa
464 4221 491 4274 Τ
590 4225 618 4275 et
636 4237 697 4276 cara
718 4223 763 4287 W,
781 4238 842 4277 cura
858 4223 931 4279 DTo
1035 4222 1135 4275 tribuit
1153 4223 1210 4292 ipse
1232 4222 1271 4276 W
