3720 4920
404 358 467 418 210
874 353 1059 424 appendix.

403 512 516 568 suntet
531 510 653 582 detecte,
668 501 739 585 quos
764 511 873 572 Paulus
887 512 1033 586 apostolus
1058 511 1116 570 iam
1140 512 1210 570 tunc
1224 510 1405 585 praeuiderst
1420 511 1535 570 dicens:

401 610 625 683 quorundam
654 612 833 672 hominum
855 616 1011 688 peccata
1030 611 1234 672 manifesta
1269 614 1353 670 sunt
1389 628 1535 685 praece·

402 712 530 773 (lentie
550 715 592 773 ad
617 713 812 786 iudicium,
840 716 1011 791 quosdam
1041 715 1221 772 autemst
1246 714 1534 787 subsequuntur.

401 815 582 876 similiter
621 821 738 876 autem
777 820 814 877 et
853 818 955 878 iacta
994 818 1089 876 bone
1128 815 1327 876 manifesta
1354 818 1459 886 sunt,
1499 819 1535 874 et

401 934 648 990 quaecumque
676 918 788 978 aliter
817 936 854 979 se
882 919 1021 978 hebent
1050 917 1235 978 abscondi
1269 935 1338 978 non
1367 920 1555 991 possenti

350 1014 393 1073 34
445 1018 486 1078 At
501 1021 601 1078 contra
615 1025 645 1079 et
659 1018 716 1094 ipsi
731 1021 845 1080 dicunt:
865 1010 1007 1080 ‘nonnulli
1023 1020 1058 1079 de
1074 1019 1316 1092 contemptoribus
1330 1018 1439 1079 nostris
1453 1019 1534 1079 simi·

401 1120 471 1179 liter
485 1121 608 1181 feminas
622 1122 760 1181 habentos
775 1123 805 1181 in
825 1122 955 1182 domibus
977 1123 1146 1197 martyrium
1169 1123 1313 1181 consecuti
1328 1123 1411 1192 sunt,
1442 1122 1475 1180 nt
1489 1121 1535 1180 in·

401 1239 508 1282 nocens
523 1223 681 1283 interillos
695 1224 868 1283 conscientia
882 1213 1070 1298 probaretur'.
1086 1225 1154 1285 nolo
1169 1223 1242 1282 mihi
1257 1224 1291 1283 de
1306 1222 1445 1298 martyrio
1457 1223 1534 1297 quis-

401 1341 488 1397 quam
516 1328 630 1384 moueat
651 1327 806 1399 actionem,
836 1326 905 1398 quia
934 1327 1049 1400 saepius
1074 1329 1104 1385 et
1132 1326 1243 1386 moechi
1260 1329 1289 1384 et
1304 1325 1483 1398 sanguinarii
1505 1327 1535 1384 et

401 1425 508 1486 ebriosi
523 1430 553 1486 et
567 1428 693 1486 omnium
709 1428 846 1488 scelerum
860 1428 903 1487 rei
918 1430 1033 1502 reperte
1044 1427 1230 1502 pugnationis
1245 1427 1391 1487 occasione
1403 1427 1569 1486 conuersiio

401 1532 568 1588 meruerunt
594 1531 630 1588 ad
654 1530 783 1605 martyrii
799 1530 910 1589 ueniam
925 1531 1086 1603 peruenire.
1113 1531 1178 1589 ideo
1199 1530 1274 1590 enim
1297 1531 1464 1604 martyrium
1480 1547 1532 1602 ap·

401 1629 527 1701 ponatur
542 1632 601 1689 tam
617 1647 721 1690 corona
735 1648 819 1703 quem
834 1631 987 1704 baptisma,
1011 1632 1080 1704 qnia
1095 1631 1225 1705 baptizat
1238 1631 1347 1705 pariter
1362 1634 1392 1689 et
1407 1635 1532 1690 coronat.

401 1747 454 1804 age
477 1748 561 1802 nunc,
584 1731 610 1789 si
636 1731 718 1790 licuit
732 1731 902 1804 quibusdam
928 1731 1070 1791 inuiolata
1084 1732 1254 1791 feminarum
1269 1730 1406 1791 societate
1421 1735 1533 1806 marty-

401 1831 476 1890 rium
491 1833 655 1906 promereri,
672 1833 733 1891 sine
753 1832 933 1906 indulgentia
954 1832 1014 1891 illis
1035 1848 1148 1906 quoque
1169 1833 1263 1905 ipsum
1286 1833 1454 1907 martyrium
1475 1849 1532 1892 non

339 1929 342 1944 '
401 1933 467 2005 fnit,
484 1950 555 2005 qnos
571 1935 667 1993 reatus
689 1934 850 2007 prohibitae
873 1934 1144 1993 contubernalitatis
1166 1951 1224 1993 non
1247 1932 1381 2005 absoluit,
1409 1951 1461 1993 nee
1483 1935 1565 1993 in·1s

401 2038 538 2093 nocentes
554 2035 585 2093 in
600 2035 664 2107 ipsa
679 2035 843 2094 innocentia
858 2036 953 2107 potuit
966 2036 1140 2108 adprobare,
1162 2036 1266 2108 quibus
1281 2038 1473 2107 contemptum
1489 2037 1532 2095 le-

401 2137 449 2208 gis
463 2139 493 2194 et
508 2137 734 2194 conuersationis
762 2137 881 2196 illicitae
907 2137 1075 2195 foeditatem
1096 2141 1126 2195 et
1148 2138 1224 2209 quod
1245 2140 1289 2195 est
1303 2137 1422 2210 gmuius
1448 2155 1533 2212 super

400 2237 496 2295 omnia
510 2237 617 2296 crimen
632 2238 769 2296 ecclesiae
785 2239 911 2296 cernitur
925 2236 1081 2310 ignouisse.
1098 2238 1203 2297 etenim
1218 2239 1303 2298 noxia
1313 2242 1357 2296 est
1370 2239 1533 2298 innocentia

403 2354 476 2411 quae
490 2354 614 2411 sponsae
629 2338 738 2397 Christi
753 2340 843 2399 obicit
858 2340 959 2399 lamae.
989 2341 1020 2398 et
1044 2357 1109 2398 cum
1132 2339 1263 2399 Christus
1285 2357 1376 2413 agnus
1399 2341 1532 2400 innocens

400 2440 486 2500 immo
502 2441 563 2513 ipse
579 2440 711 2499 caelestis
726 2440 897 2513 innocentia,
913 2442 989 2514 quod
1001 2444 1045 2501 est
1058 2442 1166 2512 uerius,
1181 2443 1274 2499 totum
1286 2458 1317 2500 se
1328 2440 1566 2515 conampserite

401 2557 453 2612 pro
469 2541 598 2612 ecclesie,
624 2544 657 2600 ut
683 2558 745 2600 enm
761 2543 823 2601 eine
839 2543 952 2601 macula
977 2541 1038 2601 ulla
1058 2543 1107 2601 uel
1129 2559 1201 2617 ruga
1223 2543 1355 2601 redderet
1368 2542 1530 2614 inlibatam,

401 2641 496 2714 qualis
511 2645 557 2702 est
572 2642 692 2702 clericus
707 2644 753 2702 cui
768 2645 805 2703 ed
819 2644 873 2703 hoc
885 2661 989 2717 sponsa
1001 2644 1109 2703 Christi
1120 2644 1318 2716 committitur,
1334 2647 1368 2704 ut
1382 2662 1433 2719 pro
1445 2643 1530 2704 unius
1613 2647 1616 2653 '

400 2742 523 2802 feminae
540 2761 635 2803 amore
650 2744 759 2818 culpari
774 2749 864 2805 totam
879 2745 1029 2804 ecclesiam
1043 2747 1192 2818 patiatur?
1209 2747 1301 2804 ausim
1316 2746 1424 2805 dicere:
1440 2746 1529 2805 abeo

399 2846 484 2917 patre
499 2844 606 2902 missus
622 2849 668 2903 est
683 2845 759 2904 illius
774 2848 809 2905 de
825 2846 890 2904 sinu
904 2847 997 2918 patris
1015 2851 1044 2903 et
1059 2864 1146 2920 regno
1162 2847 1266 2905 absens
1281 2864 1342 2905 esse
1358 2848 1481 2917 iurauit,
1496 2850 1531 2904 ut

399 2944 551 3003 ecclesiam
566 2945 673 3005 faceret
687 2947 882 3017 innocentem,
905 2951 934 3005 et
955 2949 1075 3006 clericus
1090 2949 1219 3006 mulieris
1235 2949 1311 3006 latus
1326 2948 1457 3007 deserere
1473 2964 1529 3007 non
1539 2963 1565 3005 ss

399 3048 506 3119 potest,
521 3063 558 3106 ne
574 3047 682 3106 Christi
698 3048 847 3107 ecelesiam
862 3050 965 3107 reddat
980 3048 1138 3107 infamem?

349 3160 388 3218 35
442 3149 497 3207 Sed
512 3149 608 3207 ciunt:
623 3137 666 3206 ‘in
681 3152 815 3226 martyrio
831 3151 989 3224 ignoscitur
1004 3152 1096 3223 nobis,
1119 3151 1195 3210 sicut
1209 3150 1351 3209 indultum
1366 3154 1411 3209 est
1426 3168 1529 3225 paren-

398 3250 478 3309 tibus
493 3233 621 3308 nostris'.
638 3250 691 3310 hoc
707 3269 774 3324 ergo
789 3255 819 3311 et
833 3269 886 3311 nos
900 3268 997 3310 omnes
1014 3254 1050 3309 de
1065 3252 1192 3325 peccatis
1204 3252 1335 3312 omnibus
1346 3252 1529 3324 confidamus,

465 3482 515 3536 21
534 3483 602 3536 Tim.
621 3485 647 3547 ὃ,
665 3484 707 3537 24.

467 3708 482 3759 1
500 3707 520 3761 i.
539 3708 562 3760 t.
579 3707 734 3776 prouiderat
756 3705 786 3772 0,
803 3706 973 3775 praeuiderat
990 3707 1044 3760 iam
1063 3712 1162 3762 tunce
1260 3708 1278 3761 3
1296 3724 1344 3761 sua
1362 3707 1527 3775 subsequun-

395 3793 476 3846 tnre
607 3792 622 3844 7
641 3793 767 3846 innocens
785 3792 935 3846 interillos
958 3793 987 3856 G,
1006 3792 1117 3846 illorum
1135 3793 1262 3847 innocens
1280 3810 1297 3847 c
1430 3794 1463 3845 10
1480 3808 1528 3860 pu-

395 3877 535 3943 gnationis
558 3878 587 3941 0,
606 3892 747 3946 pugneeo
878 3879 912 3930 12
929 3879 993 3946 quia
1011 3895 1047 3932 ea
1064 3879 1153 3947 qniC
1303 3878 1336 3931 13
1353 3878 1460 3932 licuerit
1478 3894 1494 3931 e

396 3962 430 4015 14
447 3964 591 4031 promereri
613 3962 725 4017 Oris'n
741 3977 797 4016 rae.
859 3978 963 4031 qnoque
981 3963 1037 4016 illis
1056 3964 1217 4032 martyrium
1235 3963 1353 4031 ipsumv
1422 3964 1456 4016 15
1474 3978 1527 4015 non

399 4045 460 4100 Oe.
479 4047 497 4100 l.
515 4053 586 4102 aaz
668 4047 701 4101 17
719 4046 834 4101 illicitae
855 4047 927 4103 Oia
945 4063 999 4100 ras.
1018 4051 1090 4101 m.2
1176 4047 1210 4100 19
1227 4047 1299 4100 ieme
1317 4047 1340 4101 0
1356 4063 1371 4100 e
1388 4049 1419 4101 in
1437 4062 1491 4100 rae.

395 4132 431 4184 20
447 4134 537 4187 uerius
559 4135 582 4189 0
599 4150 613 4187 e
630 4134 662 4187 in
679 4150 736 4189 ras.
879 4135 914 4188 23
932 4134 1060 4188 eudemus
1077 4150 1094 4188 o
1237 4135 1272 4188 28
1289 4134 1388 4188 nostris
1406 4149 1457 4187 oin.
1476 4150 1493 4187 c

396 4218 520 4271 omnibus
543 4218 572 4282 0,
593 4218 728 4274 nostsiso
