3720 4920
827 359 1010 429 Appendir.

538 517 616 579 Hinc
630 518 686 579 iter
700 519 738 577 ad
751 534 846 578 ramos
860 521 890 577 et
904 518 1000 578 dulcia
1013 537 1097 593 poma
1111 520 1226 592 salutis,

538 621 609 679 Inde
624 620 680 679 iter
694 621 731 678 ad
745 619 855 678 caelum
869 636 921 693 per
936 637 1029 679 ramos
1044 623 1154 681 arboris
1167 620 1253 681 altae.

539 723 601 783 Hoc
616 721 726 794 liguum
740 720 818 781 uitae
831 720 943 780 cunctis
958 722 1148 782 credentibus.
1171 739 1262 782 aman.

457 1137 509 1197 VI.
531 1137 585 1196 AD
606 1137 780 1197 animvm
801 1137 970 1195 FELICEM
990 1138 1041 1197 DE
1062 1136 1371 1198 ausvauucmeua

790 1248 1038 1308 MOBTVORVM.

497 1437 513 1494 1
539 1411 598 1497 Qui
612 1434 684 1493 nuni
696 1434 836 1493 ruricolas
851 1434 949 1508 eptaui
964 1435 1088 1494 carmine
1102 1451 1198 1493 musas

536 1536 576 1595 Et
589 1537 686 1595 uernis
699 1552 797 1594 roseas
812 1536 930 1594 titulani
944 1537 1062 1595 floribus
1076 1554 1161 1595 auras

534 1637 725 1710 Aestiuasque
740 1654 844 1710 graum
859 1637 1002 1695 maturaui
1017 1637 1117 1696 messis
1132 1637 1249 1709 aristas,

539 1740 651 1798 Succidi
666 1739 791 1798 tumidae
805 1739 934 1797 autumni
949 1739 1059 1797 uitibus
1073 1756 1143 1797 uuas

497 1842 516 1899 5
537 1842 576 1900 Et
590 1841 693 1899 hiemis
707 1840 836 1914 placidae
851 1841 968 1899 laudaui
984 1858 1095 1913 semper
1108 1840 1202 1900 oliuas

536 1943 638 2016 Adque
653 1943 814 2000 modulatas
830 1941 938 2001 exclusi
953 1942 1081 2002 fontibus
1096 1938 1191 2002 undas

537 2044 765 2117 Frondentisque
779 2060 853 2116 uago
868 2043 957 2102 cecini
972 2045 1007 2103 de
1022 2044 1150 2117 mmine
1166 2044 1271 2102 siluas:

535 2145 669 2202 Protinus
684 2146 828 2203 aetherias
843 2145 1010 2203 modulabor
1024 2145 1139 2203 luminis
1155 2163 1229 2216 oras,

537 2248 599 2305 lam
614 2246 684 2304 mihi
700 2245 835 2305 luciferas
850 2247 936 2305 liceat
952 2247 1117 2318 contingere
1131 2264 1238 2317 musas,

476 2352 516 2408 10
537 2349 665 2407 Pandare
680 2350 807 2406 secretas
822 2347 932 2406 fluuiali
948 2349 1054 2405 uertice
1069 2349 1209 2422 nymphas

536 2451 575 2508 Et
590 2451 682 2508 laetas
697 2450 754 2508 alio
769 2449 880 2520 positas
895 2450 947 2507 sub
962 2450 1055 2508 sidere
1070 2450 1170 2519 siluas,

534 2551 730 2622 Aetamasque
746 2550 832 2608 simul
848 2551 1007 2609 memorabo
1023 2550 1147 2610 carmine
1162 2549 1302 2621 flammas,

535 2653 615 2711 Vnda
631 2671 708 2712 mare
723 2652 757 2709 in
772 2652 897 2711 tumidae
912 2653 1071 2712 inmensum
1085 2655 1204 2712 fluctuet
1218 2655 1321 2726 undas,

535 2755 613 2823 Quae
629 2755 722 2813 uirtus
736 2758 850 2812 moueat
864 2755 971 2813 solidas
986 2757 1151 2814 tremiscere
1167 2759 1268 2825 terras,

473 2855 513 2915 15
535 2856 574 2914 ut
588 2855 637 2914 lux
652 2857 728 2914 unde
742 2873 816 2915 nouo
831 2855 1016 2930 praefulserit
1030 2874 1117 2916 aurea
1131 2856 1245 2928 mundo,

416 3123 451 3176 69
468 3121 551 3189 uitae]
575 3121 635 3175 uita
657 3123 699 3173 cst
721 3119 818 3174 Aldocs.
838 3149 872 3160 -
890 3120 1025 3188 Hymnum
1049 3120 1082 3174 (le
1103 3121 1202 3190 paseha
1223 3121 1283 3175 Iesu
1307 3122 1411 3177 Christi
1433 3139 1476 3176 er-

347 3207 426 3276 plicit
443 3207 512 3261 EM.
530 3237 564 3246 -

417 3292 518 3359 Incipit
537 3291 647 3344 Caecilii
666 3290 794 3358 Cypriani
812 3290 847 3343 ad
864 3291 989 3344 Flauium
1006 3290 1123 3344 Felicem
1142 3291 1175 3344 de
1197 3294 1388 3346 resurrectione
1406 3309 1475 3347 mor-

348 3379 455 3430 tuorum
482 3376 520 3438 Τ,
545 3374 587 3428 Ad
609 3374 727 3427 Felicem
751 3374 784 3427 de
806 3376 997 3428 resurrectione
1019 3379 1185 3429 mortuorum
1203 3378 1244 3442 D,
1268 3380 1477 3447 imminutionem

347 3479 398 3518 ona
416 3463 461 3526 W,
478 3461 641 3515 Tertulliani
659 3459 691 3513 de
709 3459 809 3513 iudicio
826 3459 929 3513 demini
948 3461 1014 3513 liber
1031 3478 1100 3514 unus
1112 3462 1263 3516 Fabricius
1280 3465 1329 3530 qui
1346 3465 1396 3518 lcoc
1414 3480 1476 3518 car·

223 3567 227 3584 ¹
346 3565 409 3602 men
424 3549 534 3615 primus
550 3547 643 3600 edice.
660 3576 696 3586 —
714 3548 728 3598 1
748 3545 879 3598 ruriculas
900 3549 926 3598 Τ
1041 3547 1148 3600 obtauit
1168 3549 1233 3603 TW
1344 3549 1477 3602 sutula-

347 3634 391 3686 uit
410 3633 486 3686 TW¹
589 3633 606 3685 3
624 3632 774 3684 maturauit
793 3631 870 3684 TW¹
973 3632 1059 3684 arista
1075 3631 1104 3684 D
1207 3634 1225 3687 4
1242 3633 1358 3687 succidit
1377 3635 1444 3689 TW

346 3717 472 3771 humidas
493 3717 531 3772 W
671 3717 809 3768 autumnis
828 3716 909 3769 Nolte
924 3717 1037 3784 theoton.
1058 3717 1248 3786 Quartclsclor.
1260 3723 1333 3773 1868
1347 3735 1375 3787 p.
1389 3723 1441 3772 444

347 3803 492 3858 blandesi
509 3803 615 3871 scripsi,
633 3800 737 3855 laudari
758 3801 830 3864 TW,
847 3799 955 3853 laudaro
971 3801 1018 3855 Do
1120 3802 1206 3855 olibas
1222 3802 1253 3856 D
1355 3804 1372 3856 6
1390 3803 1476 3858 erolu-

347 3889 386 3941 sit
405 3890 471 3943 TW
566 3886 700 3941 frontibus
721 3887 747 3940 Τ
843 3885 1085 3954 scandentesque
1109 3888 1161 3942 We
1254 3890 1271 3942 8
1288 3893 1416 3957 protenus
1438 3890 1477 3943 W

347 3974 459 4040 saeptus
528 3973 694 4026 aethereaso
762 3986 822 4023 oras
837 3970 869 4037 T,
881 3970 962 4024 horas
974 3970 1046 4034 DW‚
1064 3988 1169 4025 auraso
1238 3974 1272 4026 10
1287 3974 1444 4042 pluuialiil'

347 4058 454 4128 nymias
470 4057 508 4123 D,
525 4057 649 4127 lymphas
667 4056 780 4111 Fabric.
889 4055 922 4108 12
939 4056 1106 4110 memorabor
1126 4057 1152 4110 Τ
1261 4058 1382 4112 flammas
1404 4059 1477 4123 TW,

348 4161 437 4198 musas
451 4145 498 4198 De
607 4144 640 4197 13
657 4144 686 4195 in
704 4142 804 4195 addida·
820 4157 879 4196 noea
892 4149 1008 4210 propter
1026 4159 1154 4197 numos
1172 4160 1288 4212 quocum
1305 4161 1390 4199 causa
1407 4145 1478 4198 aas

348 4238 387 4284 est
403 4233 436 4284 ἐπ
453 4231 503 4284 loco
519 4230 644 4283 aaronica
660 4227 826 4282 mutandum
999 4228 1033 4280 14
1050 4232 1156 4283 moueat
1176 4231 1249 4294 TW,
1273 4233 1381 4284 moneat
1397 4230 1443 4285 Do

347 4319 503 4371 memescere
522 4316 547 4370 Τ
