3720 4920
369 351 415 401 cx
771 332 918 390 Caecilii
935 331 1099 402 Cypriani

366 488 463 554 nimis
484 491 593 571 pectus
618 490 748 555 affectus
771 483 911 571 duplices
933 488 1071 553 onerant.
1097 486 1206 551 dolebo
1227 487 1310 570 quod
1324 504 1386 551 non
1402 502 1503 550 comes

366 590 503 657 fuerim?
525 592 580 658 sed
599 592 687 658 illius
707 591 843 658 uictoria
862 589 1085 674 triumphanda
1099 590 1156 655 est.
1184 589 1222 654 de
1237 589 1371 655 uictoria
1385 588 1502 653 trium-

366 695 491 776 phabo?
514 695 569 759 sed
591 696 680 761 doleo
703 695 785 776 qnod
808 710 910 759 comes
932 710 993 758 non
1009 692 1080 758 sim.
1108 710 1218 756 uemm
1244 690 1333 756 uobis
1347 693 1454 755 tamen
1469 692 1502 754 et

366 795 555 878 simpliciter
575 795 787 861 confitendum
802 796 859 874 est,
881 795 963 878 quod
978 794 1010 859 et
1024 810 1081 859 uos
1095 793 1195 872 scitis,
1216 793 1250 858 in
1264 793 1324 858 hac
1338 810 1390 856 me
1405 790 1502 857 fnisse

365 898 528 963 sententia.
550 898 689 963 multum
704 916 741 963 ac
756 898 852 963 nimis
872 897 1011 963 multum
1026 895 1064 961 de
1079 897 1181 982 gloria
1202 896 1268 961 eius
1291 895 1407 972 exulto,
1427 895 1535 977 pluss.

364 1002 471 1066 tamen
488 1000 576 1066 doleo
591 1001 675 1082 quod
689 1001 835 1066 remansi.

484 1284 683 1397 ACTA
718 1284 1385 1417 PROCONSVLARIA.

337 1521 350 1584 l
406 1522 599 1605 Imperatore
618 1522 781 1591 Valeriano
801 1526 949 1607 quartum
965 1524 997 1589 et
1012 1523 1157 1591 Gallieno
1171 1524 1304 1590 tertium
1320 1523 1500 1589 consulibus

363 1626 456 1690 tertio
478 1625 683 1690 kalendarum
698 1625 930 1708 Septembrium
946 1624 1133 1708 Carthagine
1153 1625 1186 1690 in
1208 1625 1375 1689 secretario
1389 1625 1500 1689 Pater-

362 1743 421 1789 nus
435 1725 600 1809 proconsul
616 1725 769 1809 Cypriane
790 1729 932 1809 episcopo
953 1727 1047 1791 dixit:
1069 1726 1275 1792 sacratissimi
1296 1727 1499 1809 imperatores
1509 1744 1535 1783 ιο

362 1828 548 1895 Valerianus
563 1831 595 1895 et
610 1830 773 1896 Gallienus
787 1831 912 1897 litteras
926 1831 966 1896 ad
980 1851 1030 1896 me
1046 1831 1120 1896 dare
1134 1831 1260 1914 dignati
1275 1833 1359 1907 sunt,
1384 1830 1499 1912 quibus

361 1933 583 2014 praeceperunt
604 1951 655 1997 eos
679 1934 733 2016 qui
755 1934 928 1998 Romanam
950 1933 1134 2018 religionem
1156 1950 1218 1997 non
1241 1932 1359 2010 colunt,
1386 1931 1499 1996 debere

360 2034 516 2100 Romanas
541 2036 750 2100 caeremonias
776 2052 1001 2118 recognoscere.
1028 2034 1183 2117 exquisiui
1209 2053 1282 2118 ergo
1309 2035 1348 2097 de
1374 2033 1499 2098 nomine

360 2136 425 2218 tuo,
441 2135 517 2217 quid
532 2136 613 2200 mihi
627 2137 815 2218 respondes?
830 2135 1001 2220 Cyprianus
1016 2137 1177 2219 episcopus
1192 2135 1289 2199 dixit:
1306 2133 1498 2200 Christia-

360 2254 431 2300 nus
459 2254 541 2300 snm
565 2238 602 2302 et
624 2239 842 2321 episcopus.
872 2238 1003 2302 nullos
1030 2238 1134 2302 alios
1162 2238 1253 2302 deos
1281 2237 1390 2314 noni,
1417 2236 1534 2301 nisis

361 2356 478 2402 unum
505 2340 543 2402 et
564 2357 698 2403 uerum
720 2339 857 2418 Deum,
886 2338 951 2421 qui
979 2339 1078 2404 fecit
1104 2339 1256 2403 caelum
1278 2339 1316 2402 et
1337 2339 1497 2421 terram,

360 2457 464 2504 mare
486 2441 525 2504 et
547 2457 644 2521 quae
666 2441 820 2506 suntin
842 2441 898 2506 eis
920 2442 1057 2506 omnia.
1086 2440 1177 2505 huic
1199 2441 1275 2504 Deo
1298 2457 1365 2505 nos
1388 2437 1498 2504 Chri-

359 2540 760 2607 stianideeeruimus:
783 2541 1498 2625 huncdeprecamurdiebnsscnocti-

359 2641 428 2706 bus
456 2650 521 2725 pro
551 2643 665 2708 nobis
687 2645 726 2708 st
745 2662 812 2725 pro
842 2645 1020 2709 omnibus
1041 2643 1269 2708 hominibus
1292 2646 1330 2708 et
1351 2661 1418 2725 pro
1441 2643 1497 2708 in-

359 2744 596 2810 columitate
624 2745 797 2826 ipsorum
827 2747 1116 2828 imperatorum.
1147 2745 1302 2826 Paternus
1330 2746 1532 2827 proconsules

358 2845 456 2910 dixit:
483 2847 516 2910 in
538 2847 596 2911 hac
619 2865 691 2930 ergo
718 2847 881 2912 uoluntate
906 2851 1105 2929 perseueras?
1133 2845 1305 2929 Cyprianus
1333 2847 1494 2929 episcopus

358 2947 533 3030 respondit:
556 2948 872 3027 bonauoluntas‚
897 2948 1270 3032 qnaeDeumnouit‚
1290 2949 1493 3014 immutari

358 3068 432 3114 nen
453 3051 595 3132 potest.
619 3050 775 3115 Paternus
795 3051 959 3133 proconsul
981 3051 1076 3115 dixit:
1100 3051 1217 3131 poteris
1234 3067 1306 3133 ergo
1323 3051 1494 3115 secundnm

357 3151 557 3234 praeceptum
573 3151 733 3216 Valeriani
759 3155 791 3216 et
807 3151 942 3217 Gallieni
963 3151 1049 3216 exseri
1073 3152 1112 3216 ad
1136 3152 1246 3216 urbem
1268 3149 1493 3217 Curubitanam

357 3252 535 3335 proficisci?
563 3254 736 3337 Cyprianus
759 3253 918 3336 episcopus
941 3253 1035 3319 dixit:
1057 3252 1306 3337 proficiscor.
1335 3254 1525 3319 Paternuss

232 3406 234 3411 .
355 3354 519 3438 proconsul
534 3355 630 3421 dixit:
646 3374 707 3421 non
722 3357 824 3422 solnm
841 3358 879 3421 de
893 3357 1055 3439 episcopis,
1070 3376 1180 3422 uerum
1197 3357 1295 3421 etiam
1310 3357 1349 3420 de
1363 3355 1493 3439 presby·

354 3455 433 3521 teris
454 3456 533 3521 mihi
555 3458 690 3524 scribere
711 3459 834 3542 dignati
855 3462 938 3523 sunt.
963 3460 1035 3523 uolo
1057 3477 1129 3542 ergo
1145 3458 1224 3523 scire
1240 3477 1276 3522 ex
1291 3459 1333 3536 te,
1358 3459 1412 3540 qni
1428 3458 1493 3522 sint

354 3557 527 3641 presbyteri
550 3559 604 3641 qui
627 3561 660 3625 in
682 3561 741 3626 hac
763 3560 894 3625 ciuitate
920 3560 1103 3626 consistunt.
1131 3558 1305 3644 Cyprianus
1332 3560 1492 3642 episcopus

354 3662 526 3742 respondit:
565 3663 723 3747 legibus
755 3663 903 3729 uestris
935 3664 1029 3730 bene
1063 3664 1178 3745 atque
1211 3662 1374 3728 utiliter
1408 3680 1492 3728 cen·

405 3898 539 3969 idolebe]
552 3899 688 3954 docebere
791 3899 1036 3956 edocetur.
1050 3930 1083 3940 -

404 3984 507 4054 Incipit
526 3986 616 4054 passio
637 3984 755 4040 eiusdem
773 3984 903 4054 (eiusdem
920 3985 1011 4054 passio
1030 3986 1070 4053 Ε)
1088 3985 1218 4055 Cypriani
1236 4001 1267 4039 ex
1285 3986 1328 4040 die
1347 4002 1400 4055 qua
1417 4003 1489 4041 mar·

350 4068 454 4139 tyrium
467 4070 617 4140 Cyprianus
635 4071 716 4124 tulit:
737 4070 800 4125 ordo
818 4072 909 4124 autem
926 4070 1051 4138 martyrii
1069 4073 1230 4138 (martyrum
1242 4071 1289 4141 Μ)
1306 4072 1357 4125 hac
1375 4071 1489 4126 lectione

351 4153 552 4210 demonstratur
581 4158 610 4210 et
639 4154 805 4211 declaratur:
835 4153 903 4211 Cum
931 4153 1081 4226 Cyprianus
1110 4158 1219 4212 sanetus
1250 4158 1356 4229 martyr
1385 4158 1487 4214 electus

351 4240 435 4295 allec
448 4241 480 4295 de
493 4241 605 4296 unitate
617 4241 923 4310 Curubitana(cs.c.2)
936 4249 984 4298 eto.
997 4243 1069 4298 ΕΜ.
1082 4271 1116 4284 -
