3720 4920
409 303 497 351 XXVI

409 438 687 523 grammaticarum
702 435 869 501 materiam
882 435 1088 518 proponentes
1099 433 1292 501 Schuchardt
1303 431 1386 519 (Der
1405 433 1543 500 11111111-

407 568 479 614 mas
497 548 551 613 des
574 547 814 631 Valpdrloteics
828 548 912 629 Lips.
931 547 1023 612 1867.
1047 545 1144 630 1868)
1165 546 1198 610 11
1212 544 1336 609 Rbnscb
1358 545 1461 623 (Itala
1474 547 1543 610 aad

416 659 553 742 Vulgata
564 657 726 743 Marburgi
740 658 847 739 1869),
862 657 942 722 hanc
952 655 1165 738 quaestionem
1176 674 1237 721 non
1248 655 1430 740 attigerunt.
1447 676 1542 738 qnare

406 769 441 835 in
467 769 651 852 recipiendis
677 767 843 851 scripturis
869 765 1036 832 incertiora
1061 767 1212 850 quaedam
1239 765 1361 832 cautius
1382 766 1417 832 in
1441 766 1542 831 medio

409 880 612 963 relinquenda
634 896 728 961 qnam
750 876 917 943 audentius
938 876 1174 959 corruptissima
1195 896 1335 960 quaeque
1355 878 1387 943 et
1408 877 1543 943 insolen-

408 991 532 1057 tissima
544 989 679 1055 maxime
695 989 831 1073 genuina
846 988 989 1053 habenda
1004 1005 1070 1053 esse
1083 987 1203 1068 putaui.

783 1291 929 1411 Caput
961 1290 1168 1390 alterum.

247 1570 396 1621 mmm
503 1538 595 1603 'Libri
611 1539 817 1621 manuscripti
832 1560 894 1623 qua
908 1543 1028 1607 ratione
1044 1542 1083 1606 ad
1096 1540 1247 1624 epistulas
1263 1542 1463 1626 castigandas
1477 1543 1542 1608 sint

273 1645 364 1690 W·
409 1647 587 1729 adhibendi,
609 1666 669 1714 non
691 1650 795 1731 potest
816 1670 879 1715 una
900 1652 969 1736 lege
992 1669 1071 1734 qnae
1087 1650 1122 1715 in
1137 1667 1242 1715 omnes
1264 1651 1356 1716 cadat
1377 1652 1538 1731 constitui,

404 1777 479 1823 nam
501 1760 583 1840 qnod
604 1760 643 1823 de
662 1760 730 1824 toto
746 1757 893 1842 Cypriani
916 1779 1039 1842 corpore
1062 1761 1128 1825 dini
1149 1761 1274 1842 propter
1295 1762 1538 1844 amplitudinem

405 1868 621 1952 particulatim
648 1886 714 1934 esse
740 1868 943 1951 descriptum,
969 1869 1003 1934 id
1026 1871 1065 1936 de
1085 1870 1144 1935 hac
1169 1872 1258 1953 parte
1285 1889 1378 1952 quam
1405 1873 1540 1937 maxime

404 1977 499 2044 nalet.
522 1980 662 2045 omnium
684 1996 757 2044 uero
778 1979 987 2061 epistularum
1002 1998 1078 2063 quas
1094 1978 1266 2064 Cyprianus
1281 1981 1397 2064 partim
1413 1982 1539 2063 scripsit

404 2089 522 2171 partim
548 2090 667 2172 accepit
688 2090 740 2155 uel
764 2109 842 2172 quas
864 2091 999 2156 aliorum
1021 2091 1087 2156 suis
1109 2091 1226 2156 litteris
1248 2090 1391 2171 subiecit,
1417 2092 1538 2156 nullam

403 2219 553 2282 umquam
573 2200 731 2266 exstitisse
753 2201 910 2290 integram
930 2201 1144 2266 collectionem
1160 2220 1231 2265 cnm
1247 2219 1283 2264 ex
1297 2200 1451 2266 librorum
1467 2218 1539 2265 cen-

406 2309 525 2374 dicione
561 2312 713 2393 quotquot
748 2299 840 2376 hodie
870 2311 904 2376 in
933 2310 1132 2375 bibliothecis
1162 2314 1371 2390 assemantnr,
1408 2329 1539 2392 quorum

405 2419 512 2486 nullus
535 2439 650 2501 omnes,
673 2422 766 2505 pauci
789 2422 914 2488 easdem
936 2422 1104 2487 immutate
1124 2420 1240 2499 ordine,
1261 2421 1313 2486 hic
1328 2422 1385 2485 ille
1400 2421 1541 2506 singulas

405 2530 555 2611 epistulas
587 2532 636 2596 bis
670 2531 858 2608 contineant,
895 2533 965 2596 tum
1000 2531 1072 2596 inde
1110 2532 1192 2613 qnod
1225 2530 1442 2615 Augustinum
1478 2531 1542 2616 (De

403 2638 559 2721 baptismo
572 2645 682 2706 contm
696 2641 890 2707 Donatistae
904 2641 960 2722 VI,
978 2643 1028 2722 16,
1044 2642 1099 2728 25)
1115 2641 1150 2706 in
1165 2661 1222 2707 sua
1237 2641 1357 2726 sylloge
1373 2643 1541 2724 epistulam

406 2753 457 2830 72,
479 2771 558 2834 qnae
578 2753 704 2835 quidem
719 2755 752 2818 in
767 2773 800 2817 re
815 2754 854 2818 ab
869 2753 925 2818 illo
946 2754 1083 2817 tractata
1103 2770 1163 2816 non
1183 2751 1301 2815 nullius
1316 2755 1364 2815 est
1378 2755 1540 2829 momenti,

403 2878 465 2927 non
485 2861 641 2928 inuenisse
656 2881 693 2927 ex
707 2863 832 2928 silentio
855 2863 923 2928 eius
944 2863 1076 2941 constat,
1103 2864 1153 2929 sat
1173 2862 1256 2926 certo
1278 2860 1449 2945 colligitur.
1476 2862 1541 2926 for·

403 2972 486 3037 tuito
502 2973 655 3056 epistulae
665 2976 760 3057 prout
770 2975 886 3039 artiore
897 2975 949 3038 uel
960 2991 1162 3055 personarum
1173 2973 1225 3036 uel
1236 2990 1341 3037 rernm
1353 2972 1405 3035 uel
1418 2974 1540 3055 tempo-

403 3101 475 3146 rum
501 3082 627 3148 uinculo
653 3086 742 3149 erant
768 3102 898 3148 conexae
925 3084 958 3148 in
984 3083 1109 3166 singula
1135 3082 1379 3165 congerebantur
1405 3100 1540 3164 corpora,

405 3211 483 3275 qnae
502 3192 612 3259 deinde
626 3195 742 3259 sensim
757 3194 791 3259 in
806 3193 974 3276 ampliores
990 3193 1185 3259 collectiones
1201 3193 1355 3258 abienmt.
1380 3212 1453 3259 cum
1468 3213 1541 3259 nero

407 3320 514 3368 eorum
539 3304 593 3387 qni
619 3323 670 3370 eas
697 3304 905 3370 instituebant
930 3303 1083 3370 iudicium
1109 3323 1213 3369 rerum
1238 3302 1372 3387 singulis
1397 3303 1542 3386 epistulis

404 3413 611 3480 tractatarum
632 3415 684 3481 nel
707 3416 901 3481 cohaerentia
915 3415 968 3481 nel
984 3415 1141 3500 grauitate
1155 3414 1355 3496 potissimum
1370 3418 1540 3499 regeretur,

404 3523 476 3589 inde
496 3524 561 3589 iam
582 3523 701 3592 factum
725 3528 783 3605 est,
805 3527 843 3591 at
856 3528 979 3592 multae
995 3527 1122 3592 lenioris
1137 3527 1316 3610 argumenti
1331 3525 1492 3610 neglectae
1508 3526 1541 3590 in

404 3635 512 3717 paucis
538 3635 664 3702 tantum
688 3637 847 3704 codicibus
869 3656 926 3703 nec
948 3638 1051 3704 aetate
1071 3656 1129 3703 nec
1150 3637 1334 3722 integritate
1355 3637 1541 3721 insignibus,

406 3745 520 3825 quibus
549 3747 776 3832 inuestigandis
805 3748 944 3814 multum
974 3747 1091 3813 laboris
1118 3748 1150 3812 et
1174 3748 1324 3830 temporis
1354 3747 1541 3829 consumpsi,

406 3855 578 3942 latitarent,
593 3857 699 3942 itaque
713 3859 882 3941 paullatim
897 3859 960 3925 alic
975 3859 1079 3925 codice
1089 3860 1161 3941 post
1172 3858 1269 3924 alium
1283 3860 1403 3941 reperte
1415 3860 1542 3923 uniuer-

408 3985 461 4030 sus
476 3967 682 4050 epistularum
697 3987 846 4034 numerus
862 3968 1052 4034 editionibus
1066 3969 1287 4051 publicaretur.
1315 3988 1394 4051 quae
1409 3988 1481 4034 cum
1495 3968 1543 4033 ita

406 4078 480 4158 sint,
502 4080 548 4145 rei
569 4079 695 4144 criticae
716 4078 911 4146 factitandae
931 4080 1011 4145 ratio
1034 4080 1082 4146 est
1097 4080 1233 4144 maxime
1254 4079 1395 4163 inpedita
1409 4098 1465 4144 nec
1479 4097 1543 4143 una

412 4189 584 4272 disputatio
606 4189 659 4255 sed
681 4190 731 4255 tot
753 4191 830 4273 quot
852 4190 985 4257 discerni
1007 4192 1138 4274 possunt
1158 4191 1363 4273 epistularum
1385 4192 1490 4274 partes
1506 4207 1542 4254 ex
