3720 4920
473 360 519 414 De
536 359 793 430 singularitate
811 357 1014 412 clericorum
1031 373 1053 411 c.
1072 356 1184 412 29-32.
1331 360 1396 429 207

256 522 361 584 onitu
376 523 503 582 uestro
519 517 683 581 fecistis.
713 519 878 593 pudendum
900 516 996 578 nescio
1012 517 1082 592 quid
1097 516 1213 578 dileetio
1228 517 1287 577 ista
1302 517 1394 592 signi-

256 625 334 698 ficet,
350 642 415 685 cum
430 621 595 696 extorqueri
610 625 710 682 contm
724 623 857 680 naturam
870 622 997 695 putatur.

300 726 404 786 Adhuc
419 724 512 784 babeo
527 725 598 799 quid
612 723 728 783 mirari:
759 740 823 782 eum
849 723 963 782 uideam
988 723 1023 783 de
1045 721 1219 782 Christianis
1241 724 1394 798 plerosque
1405 722 1444 780 31

256 829 374 888 maritos
389 827 501 902 paritor
514 830 545 885 et
555 843 658 886 uxores
670 824 878 885 continentiam
888 825 1067 884 destinantes
1078 824 1224 884 domicilia
1234 824 1397 898 singularia

236 929 352 1004 imagis
366 929 485 1004 eligere,
501 931 535 988 ut
549 945 705 988 consensus
716 926 908 986 communium
920 929 1050 986 uotorum
1061 925 1124 985 sius
1135 925 1298 986 irritatione
1310 943 1396 1000 prae·

256 1031 366 1092 sentiae
381 1031 571 1090 concordante
586 1046 703 1089 secessu
717 1029 835 1087 ualeant
856 1029 1001 1099 obtinere,
1017 1027 1065 1105 [et]
1081 1028 1206 1090 eunuchi
1231 1028 1324 1089 nostri
1339 1046 1396 1089 non

257 1135 363 1194 durant
377 1133 439 1192 sine
454 1133 579 1193 feminae
595 1131 747 1191 sodalitate
764 1131 908 1190 dormire?
938 1133 1015 1204 apud
1040 1130 1108 1190 illos
1134 1148 1213 1190 amor
1234 1131 1396 1206 coniugalis

256 1235 450 1294 continentiae
465 1249 562 1294 amore
577 1236 725 1306 pensatur,
757 1235 787 1292 et
813 1233 890 1306 apud
911 1234 1053 1307 spadones
1068 1232 1243 1292 cohabitatio
1271 1233 1395 1294 feminae

256 1353 411 1411 numquam
426 1338 524 1411 potest
538 1336 646 1395 habere
661 1334 820 1394 fastidium.
848 1334 927 1394 dicat
952 1352 1029 1395 nunc
1055 1335 1250 1396 eunuchorum
1272 1335 1395 1409 caritas,

224 1464 248 1502 ro
257 1438 350 1509 dicat,
381 1454 416 1496 ue
431 1437 506 1496 forte
521 1436 552 1495 iu
567 1437 622 1496 hac
642 1435 803 1496 secessione
818 1436 911 1509 magis
927 1436 1087 1509 coniugalis
1108 1438 1215 1495 caritas
1229 1440 1340 1511 peceat,
1363 1439 1397 1494 ut

256 1539 380 1613 apostoli
406 1538 491 1597 Pauli
518 1538 667 1597 oonmlium
694 1538 828 1596 uideatur
856 1536 1026 1610 coniugibus
1048 1537 1210 1596 insinuasse
1222 1537 1395 1597 diuortium:

257 1646 420 1716 tempus,
443 1641 548 1715 iuquit,
582 1641 673 1713 quod
695 1641 819 1698 restat
840 1639 950 1698 breue
972 1641 1037 1698 est.
1070 1639 1256 1714 reliquum
1277 1641 1334 1699 est
1356 1642 1397 1696 ut

257 1749 295 1805 et
328 1744 390 1819 qui
423 1744 562 1802 habent
595 1758 728 1800 uxores
765 1741 818 1799 sic
851 1740 927 1798 sint
965 1741 1071 1814 qussi
1103 1757 1173 1799 non
1205 1741 1396 1800 habentes.

257 1849 367 1921 quauta
391 1845 568 1919 peruersitas
594 1843 757 1902 dilectionis
782 1841 959 1914 intenditur,
982 1845 1015 1900 ut
1041 1843 1090 1915 qui
1117 1843 1226 1902 habent
1241 1843 1324 1917 quasi
1339 1861 1397 1902 uon

223 1974 247 2011 rs
257 1949 397 2008 habentes
413 1964 476 2006 esse
491 1946 623 2005 nitantur
638 1948 668 2005 et
682 1945 733 2018 qui
749 1961 805 2002 uon
820 1944 929 2001 habent
943 1943 1026 2017 quasi
1040 1943 1180 2003 habentes
1195 1959 1258 2004 esse
1271 1945 1396 2018 glorian·

257 2055 313 2109 tur.
329 2050 363 2108 de
378 2048 426 2108 his
442 2049 504 2121 ipse
518 2046 668 2121 apostolus
683 2048 739 2106 ait:
762 2045 882 2118 gloria
904 2045 941 2103 in
962 2044 1198 2118 turpitudine
1224 2045 1396 2120 ipsorum.

301 2149 424 2210 Dilectio
440 2152 500 2220 est,
516 2149 661 2222 inquiunt.
691 2165 707 2206 o
723 2146 840 2207 dilectio
861 2164 934 2219 quae
961 2146 1071 2205 inuidet
1086 2147 1151 2205 sibi.
1168 2165 1185 2206 o
1200 2147 1307 2206 caritas
1323 2165 1396 2220 quae
1408 2155 1448 2212 32

257 2253 338 2328 cupit
353 2270 384 2312 se
398 2251 612 2325 uituperatione
628 2249 750 2309 laudari.
774 2250 882 2322 grande
894 2248 1073 2320 miraculum,
1089 2251 1123 2307 ut
1134 2249 1279 2324 uirginum
1291 2251 1399 2310 caritas

261 2355 389 2429 uirgines
416 2354 506 2413 iaciat
533 2354 614 2412 uelut
641 2352 776 2425 coniuges
803 2350 880 2410 credi
906 2353 936 2409 et
962 2350 1114 2424 coniugum
1138 2351 1244 2412 caritas
1260 2353 1398 2427 coniuges

224 2479 251 2519 ac
261 2455 349 2516 iaciat
362 2456 445 2514 uelut
459 2454 587 2528 uirgines
601 2452 760 2513 aestimari.
777 2469 842 2512 ecce
854 2470 922 2512 uera
933 2452 1050 2511 dilectio
1062 2470 1135 2527 quae
1148 2453 1178 2512 in
1190 2454 1398 2528 coniugalitate

259 2557 381 2628 diuidit,
397 2557 476 2616 utin
491 2555 625 2615 castitate
643 2555 810 2629 coniungat.
840 2571 905 2614 ecco
922 2557 1023 2614 sancta
1037 2555 1153 2614 dilectio
1169 2573 1242 2629 quae
1259 2557 1398 2631 coniuga-

259 2660 338 2718 libus
353 2658 390 2717 ad
405 2674 582 2716 communem
597 2657 712 2716 laudem
728 2656 840 2714 inducit
854 2656 1024 2714 absentiam.
1055 2656 1086 2714 hi
1109 2673 1160 2728 pro
1176 2660 1253 2715 certo
1270 2675 1333 2717 sese
1349 2658 1396 2716 in-

260 2758 463 2833 separabiliter
477 2757 623 2830 diligunt,
639 2757 689 2831 qui
705 2760 738 2816 ut
753 2758 916 2830 triumphos
931 2756 987 2816 sibi
1003 2756 1130 2816 inierant
1150 2775 1214 2817 ase
1230 2759 1285 2832 ipsi
1301 2759 1398 2820 discs-

260 2863 348 2920 dunt:
365 2861 469 2934 quibus
482 2877 534 2918 uec
549 2859 656 2918 crimen
671 2876 723 2917 uec
738 2864 844 2918 natura
858 2877 910 2918 uec
925 2860 973 2918 lex
987 2877 1040 2918 uec
1055 2859 1195 2919 Dominus
1209 2878 1263 2919 nec
1277 2865 1397 2935 aposto·

224 2984 250 3024 aa
259 2964 306 3022 lus
320 2965 494 3035 potestatem
511 2962 596 3020 unius
611 2962 839 3021 conuersationis
855 2961 1005 3020 interdixit
1019 2964 1070 3020 aut
1085 2963 1168 3038 tulit,
1181 2963 1232 3022 sed
1245 2980 1297 3036 pro
1313 2965 1398 3022 tuon-

260 3065 305 3123 dis
335 3066 453 3137 paribus
475 3064 552 3122 uotis
582 3067 692 3123 semota
718 3064 907 3121 unanimitate
934 3064 1082 3121 absentari
1108 3064 1215 3123 caritas
1241 3066 1396 3137 persuasit.
1436 3091 1440 3100 ·

260 3166 305 3225 illi
321 3183 390 3225 uero
406 3166 524 3225 uideant
540 3167 621 3225 cuius
636 3166 676 3225 sit
691 3167 798 3224 caritas
814 3183 899 3239 quam
915 3168 1065 3235 nonerunt,
1082 3166 1131 3239 qui
1150 3183 1203 3225 uec
1218 3166 1331 3225 crimini
1346 3183 1400 3225 nec

258 3272 381 3328 naturae
397 3286 449 3327 uec
464 3268 524 3342 legi
547 3285 600 3327 uec
615 3267 735 3328 Domino
752 3285 803 3326 uec
819 3268 948 3340 apostolo
975 3284 1027 3327 nec
1043 3267 1099 3340 ipsi
1114 3268 1315 3341 coniugalitati
1331 3285 1397 3326 sue·

331 3483 396 3536 121
415 3482 475 3537 Cor.
495 3483 519 3546 7,
537 3482 579 3535 29.
687 3484 720 3536 16
738 3482 811 3537 Phil.
830 3483 855 3544 3,
876 3484 915 3536 19.

329 3721 426 3777 2cum
444 3722 552 3790 scripsi,
570 3723 613 3776 cui
632 3723 662 3784 0,
680 3738 784 3790 quaec
854 3725 965 3791 putatur
980 3723 1033 3777 Ca.
1046 3724 1063 3776 l.
1076 3726 1146 3778 Μ
1215 3722 1233 3778 3
1250 3721 1322 3791 quod
1337 3723 1361 3778 0

260 3807 338 3861 uideo
357 3807 380 3862 0
386 3808 392 3836 ¹
496 3809 694 3863 bouusensuc
804 3809 971 3875 praesentiae
989 3811 1050 3862 eto
1147 3811 1163 3863 7
1182 3809 1323 3863 soliditate
1343 3809 1366 3863 G

259 3895 434 3948 eamean.
452 3910 469 3947 o
595 3893 630 3946 10
646 3897 738 3961 peccet
760 3894 828 3948 Cot
845 3893 876 3946 aba
892 3908 947 3946 rae.
1071 3895 1103 3947 11
1122 3895 1310 3963 coniugalibus
1329 3894 1364 3948 0¹

262 3977 295 4032 13
312 3977 369 4031 sint
387 3994 439 4032 om.
457 3994 475 4032 o
580 3979 613 4032 14
631 3982 734 4045 quante
745 4019 750 4030 .
763 4017 768 4027 .
781 4019 785 4029 .
797 3993 850 4031 uon
868 3978 999 4033 habentes
1018 3995 1068 4033 om.
1086 3996 1103 4034 o
1212 4005 1270 4033 aa·
1283 3980 1402 4050 quaaiO

260 4064 323 4117 aie.
341 4062 359 4114 l.
468 4063 503 4116 18
521 4078 549 4115 se
567 4078 602 4116 ea
619 4065 648 4116 te
666 4064 689 4117 C
803 4064 832 4116 in
851 4064 1051 4133 uituperatione
1068 4084 1084 4116 c
1189 4066 1222 4119 19
1240 4066 1308 4119 iacit
1330 4066 1364 4120 0¹

259 4147 294 4202 23
311 4147 377 4216 ipsis
396 4165 411 4203 u
515 4147 550 4201 25
568 4148 779 4203 conuersationis
797 4165 848 4204 oria
868 4166 884 4203 o
977 4150 1010 4204 27
1030 4148 1140 4204 uideant
1161 4151 1192 4213 0,
1209 4149 1330 4205 uiderint
1347 4168 1363 4205 a

259 4232 335 4286 cuius
354 4232 384 4296 0,
402 4231 504 4301 quido
608 4239 742 4288 nonerunt
761 4234 785 4290 G
888 4236 998 4289 crimine
1019 4236 1054 4290 0¹
