3720 4920
820 320 1000 389 Appenrllx.

537 482 622 538 Serta
636 482 717 552 peter
732 480 842 552 gelidos
857 479 886 537 ln
903 480 996 552 spiras
1012 479 1134 538 lubricat
1149 497 1256 554 angues

537 582 811 655 Quadrupedumque
826 597 928 654 greges
944 584 1020 640 totos
1035 581 1169 639 diffundit
1184 583 1213 639 in
1230 599 1315 656 agros

537 683 699 758 Cunctaque
715 681 867 755 multiplici
883 682 1031 741 mandauit
1046 699 1173 742 crescere
1189 684 1294 756 passim

536 785 667 844 (termine
683 789 713 843 ot
728 785 874 843 immensis
887 802 983 843 errare
999 789 1029 843 et
1044 802 1160 857 pascere
1176 786 1271 845 terris.

475 887 515 944 25
581 888 661 946 Haec
675 888 722 946 ubi
739 887 887 946 coustituit
903 886 1001 945 diuina
1016 886 1145 959 potentia
1160 888 1254 966 iussn,

540 989 688 1048 Rectorem
704 989 859 1061 inspiciens
875 989 1025 1048 mundanis
1042 989 1138 1048 defore
1154 990 1238 1048 robus

536 1090 615 1148 Haec
630 1093 783 1150 memorat:
800 1090 941 1149 hominem
955 1091 1061 1150 nostris
1076 1090 1214 1149 faciamus
1228 1092 1257 1149 in
1272 1107 1396 1164 unguem

536 1193 673 1251 Vultibus
687 1194 858 1263 adsimilem,
874 1195 934 1251 toto
951 1194 1000 1264 qui
1015 1198 1116 1265 regnet
1132 1193 1161 1250 in
1177 1195 1252 1252 orbe.

537 1293 577 1350 Et
590 1295 658 1353 licet
673 1294 749 1351 hunc
764 1310 818 1351 uuo
835 1297 931 1366 posset
946 1311 1105 1366 conponere
1123 1295 1219 1365 uerbo,

476 1397 517 1452 30
540 1397 604 1467 Ipso
620 1399 716 1454 temen
731 1397 831 1454 sancta
847 1396 981 1468 dignatus
998 1397 1100 1455 ducere
1115 1397 1224 1466 dextre,

538 1498 664 1569 Inspiret
679 1499 794 1555 brutum
809 1497 906 1555 diuino
923 1514 940 1554 a
955 1502 1070 1570 pectore
1086 1500 1196 1569 pectus.

582 1600 670 1666 Quem
685 1601 836 1672 postquem
851 1598 946 1672 effigie
962 1600 1114 1658 formatum
1131 1617 1248 1659 cousus
1264 1601 1345 1672 uidit,

540 1700 657 1758 bletitur
673 1699 765 1759 solum
778 1701 923 1760 mordaces
938 1702 1053 1760 uoluere
1069 1720 1161 1760 curus.

539 1802 623 1859 Ilicet
638 1802 745 1874 irriguo
761 1804 908 1875 perfundit
922 1802 1031 1860 lumina
1046 1820 1156 1874 somno,

477 1904 517 1961 35
540 1904 657 1962 Mollius
673 1906 705 1961 ut
720 1904 804 1962 uulsa
819 1905 956 1962 formetur
971 1905 1078 1963 femina
1093 1909 1172 1964 costa

540 2007 635 2078 Atque
650 2008 730 2063 artus
746 2006 836 2063 mixtu
851 2005 964 2078 gemino
981 2007 1144 2064 substantia
1158 2007 1259 2065 firmet.

541 2107 654 2164 luditur
668 2109 698 2166 ot
713 2123 814 2165 nomen
830 2108 906 2165 uitee
922 2108 998 2179 quod
1013 2107 1118 2165 dicitur
1132 2107 1203 2165 Eue.

542 2209 719 2280 Quapropter
735 2210 795 2266 neti
811 2209 946 2280 linquunt
962 2210 995 2267 do
1011 2225 1088 2266 more
1103 2211 1235 2280 petentes

542 2310 772 2386 Coniugibusque
787 2311 848 2370 suis
861 2311 963 2384 positis
978 2329 1042 2371 oum
1057 2310 1174 2370 sedibus
1188 2312 1318 2371 haerent.

477 2413 519 2469 40
541 2413 667 2483 Septima
682 2413 744 2470 luce
761 2413 836 2471 Deus
854 2413 992 2471 sactorum
1009 2414 1064 2470 tine
1080 2412 1200 2484 quieuit,

542 2515 687 2571 Socratem
703 2517 833 2572 statuens
848 2516 962 2572 uenturi
978 2515 1014 2571 ed
1030 2514 1135 2587 gaudia
1151 2513 1251 2571 saecli:

542 2613 627 2672 Ilicet
641 2615 776 2672 exhibitis
791 2616 967 2673 animantum
983 2633 1017 2672 ex
1033 2615 1131 2671 ordiue
1147 2614 1240 2671 turbis

543 2715 660 2772 Viritim
675 2715 786 2774 cunctis
803 2733 903 2774 nomen
920 2717 995 2788 quod
1010 2720 1158 2788 permanet
1173 2715 1247 2773 indit

542 2818 669 2875 Ademus
685 2818 790 2876 donate
805 2817 861 2875 sibi
876 2816 1028 2891 prudentie
1044 2818 1155 2876 sollers.

480 2919 520 2976 45
544 2919 632 2986 Quem
648 2919 725 2976 Dens
740 2919 864 2992 alloquio
880 2918 1005 2978 iunctam
1022 2919 1158 2991 dignatur
1175 2922 1205 2976 et
1219 2919 1325 2976 Euam:

543 3020 667 3078 Crescite
684 3019 850 3078 multimodo
865 3023 987 3079 uenture
1001 3020 1029 3077 in
1046 3023 1176 3093 tempora
1191 3023 1285 3094 partu,

545 3124 585 3181 Vt
599 3123 682 3196 polus
697 3127 726 3181 et
741 3123 841 3196 plenae
858 3127 953 3183 uestro
968 3125 1028 3186 sint
1041 3124 1169 3196 germine
1184 3128 1286 3194 terrae,

424 3426 457 3479 21
477 3427 554 3492 peter
570 3423 675 3491 gelidos
694 3425 730 3488 R,
748 3423 916 3492 praegelidos
933 3441 949 3478 o
1077 3425 1150 3493 spire
1167 3424 1194 3478 R
1314 3423 1348 3477 22
1367 3422 1482 3490 quadru-

356 3513 452 3580 pedum
465 3527 559 3580 greges
571 3512 596 3564 R
663 3510 698 3564 27
716 3511 817 3563 nostris
834 3510 969 3564 bominem
988 3511 1007 3563 f.
1026 3510 1068 3563 ed.
1087 3526 1203 3578 unguem
1221 3509 1370 3564 Fabricius
1388 3514 1415 3562 ct
1433 3527 1449 3563 o

355 3597 389 3650 28
406 3599 503 3665 regnet
521 3596 549 3651 R
719 3597 754 3648 29
772 3596 843 3648 hunc
861 3612 913 3648 uuo
932 3597 1088 3658 Fabricius,
1107 3596 1158 3648 hoc
1176 3609 1227 3647 uuo
1245 3595 1302 3647 eolo
1320 3595 1349 3650 R
1365 3594 1414 3647 sed
1432 3595 1484 3647 lroc

355 3698 375 3734 e.
395 3681 413 3734 1.
430 3697 466 3734 m.
483 3685 502 3735 2
579 3680 613 3733 32
630 3683 773 3747 postquam
792 3680 905 3734 artificis
923 3680 1069 3734 formatum
1088 3680 1116 3732 in
1135 3679 1253 3748 imagine
1271 3679 1343 3731 uidit
1362 3678 1449 3733 Oxou.

355 3766 390 3820 33
407 3767 528 3837 metitur]
552 3782 605 3820 uon
627 3765 732 3834 petitur
755 3766 824 3821 coni.
849 3765 914 3821 Bel.
1119 3764 1153 3818 36
1171 3767 1256 3819 mixte
1277 3763 1399 3833 geminos
1423 3763 1451 3820 R

355 3853 389 3905 37
408 3853 491 3920 uitae]
509 3852 588 3905 niune
606 3852 757 3905 Fabricius
858 3852 894 3904 40
911 3853 970 3905 luco
982 3851 1018 3918 R,
1037 3852 1173 3919 quandov
1274 3849 1307 3903 41
1327 3851 1432 3902 secreta
1451 3851 1484 3900 st.

356 3954 381 3990 u.
400 3937 500 4005 gaudie
518 3937 654 3991 Montius
672 3943 732 3991 cto
843 3936 878 3989 42
896 3936 1006 3989 exibitis
1018 3938 1047 3992 R
1148 3937 1184 3989 43
1202 3935 1315 4003 uiritim]
1333 3934 1484 3988 distinctim

360 4024 447 4078 Oxou
539 4023 574 4078 44
591 4023 681 4077 edcrru
700 4041 717 4077 e
734 4022 843 4077 domino
861 4023 961 4077 donate
979 4022 1120 4090 prudentie
1138 4023 1273 4075 Morelius
1292 4027 1318 4075 et
1336 4020 1486 4081 Poetelius,

355 4108 444 4162 adeum
463 4124 480 4163 a
496 4109 604 4163 domino
621 4108 686 4163 dete
703 4124 771 4178 queo
788 4108 931 4176 prudentie
948 4108 1105 4174 Fabricius,
1125 4107 1214 4162 ademi
1229 4106 1365 4161 edomino
1384 4104 1484 4159 donata

356 4194 469 4249 scientie
492 4196 580 4250 Oxou.
684 4196 719 4249 46
737 4198 877 4248 uenturam
896 4195 924 4248 R
