<?xml version="1.0" encoding="UTF-8"?>
<!DOCTYPE html PUBLIC "-//W3C//DTD XHTML 1.0 Transitional//EN"
    "http://www.w3.org/TR/xhtml1/DTD/xhtml1-transitional.dtd">
<html xmlns="http://www.w3.org/1999/xhtml" xml:lang="en" lang="en">
 <head>
  <title>
</title>
<meta http-equiv="Content-Type" content="text/html;charset=utf-8" />
  <meta name='ocr-system' content='tesseract 3.04.00' />
  <meta name='ocr-capabilities' content='ocr_page ocr_carea ocr_par ocr_line ocrx_word'/>
</head>
<body>
  <div class='ocr_page' id='page_1' title='image "./sthascicaecilic00cyprgoog_0101.png"; bbox 0 0 3720 4920; ppageno 0'>
   <div class='ocr_carea' id='block_1_1' title="bbox 444 1004 1395 1116">
    <p class='ocr_par' dir='ltr' id='par_1_1' title="bbox 444 1004 1395 1116">
     <span class='ocr_line' id='line_1_1' title="bbox 444 1004 1395 1116; baseline 0.001 -2"><span class='ocrx_word' id='word_1_1' title='bbox 444 1006 626 1116; x_wconf 83' lang='lat' dir='ltr'>VITA</span> <span class='ocrx_word' id='word_1_2' title='bbox 664 1005 995 1116; x_wconf 82' lang='lat' dir='ltr'><strong>CAECILII</strong></span> <span class='ocrx_word' id='word_1_3' title='bbox 1031 1004 1395 1116; x_wconf 74' lang='lat' dir='ltr'><strong>CYPRIANI</strong></span> 
     </span>
    </p>
   </div>
   <div class='ocr_carea' id='block_1_2' title="bbox 619 1209 1217 1295">
    <p class='ocr_par' dir='ltr' id='par_1_2' title="bbox 619 1209 1217 1295">
     <span class='ocr_line' id='line_1_2' title="bbox 619 1209 1217 1295; baseline 0 -21"><span class='ocrx_word' id='word_1_4' title='bbox 619 1210 746 1295; x_wconf 90' lang='lat' dir='ltr'>(Pontio</span> <span class='ocrx_word' id='word_1_5' title='bbox 769 1209 895 1275; x_wconf 71' lang='lat' dir='ltr'>baceno</span> <span class='ocrx_word' id='word_1_6' title='bbox 917 1210 1013 1292; x_wconf 88' lang='lat' dir='ltr'>uulgo</span> <span class='ocrx_word' id='word_1_7' title='bbox 1035 1209 1217 1293; x_wconf 83' lang='lat' dir='ltr'>adscripta).</span> 
     </span>
    </p>
   </div>
   <div class='ocr_carea' id='block_1_3' title="bbox 290 1359 1527 2802">
    <p class='ocr_par' dir='ltr' id='par_1_3' title="bbox 322 1359 1509 1887">
     <span class='ocr_line' id='line_1_3' title="bbox 322 1359 1487 1481; baseline 0.001 -17"><span class='ocrx_word' id='word_1_8' title='bbox 322 1403 339 1464; x_wconf 91' lang='lat' dir='ltr'>l</span> <span class='ocrx_word' id='word_1_9' title='bbox 411 1359 596 1479; x_wconf 72' lang='lat' dir='ltr'>Cyprianus</span> <span class='ocrx_word' id='word_1_10' title='bbox 626 1396 792 1480; x_wconf 86' lang='lat' dir='ltr'>religiosus</span> <span class='ocrx_word' id='word_1_11' title='bbox 821 1396 950 1460; x_wconf 91' lang='lat' dir='ltr'>antistes</span> <span class='ocrx_word' id='word_1_12' title='bbox 972 1413 1009 1461; x_wconf 88' lang='lat' dir='ltr'>ac</span> <span class='ocrx_word' id='word_1_13' title='bbox 1031 1396 1122 1461; x_wconf 89' lang='lat' dir='ltr'>testis</span> <span class='ocrx_word' id='word_1_14' title='bbox 1143 1396 1203 1461; x_wconf 88' lang='lat' dir='ltr'>Dei</span> <span class='ocrx_word' id='word_1_15' title='bbox 1232 1397 1395 1481; x_wconf 86' lang='lat' dir='ltr'>gloriosus,</span> <span class='ocrx_word' id='word_1_16' title='bbox 1426 1399 1487 1465; x_wconf 88' lang='lat' dir='ltr'>etsi</span> 
     </span>
     <span class='ocr_line' id='line_1_4' title="bbox 348 1497 1486 1582; baseline 0.004 -20"><span class='ocrx_word' id='word_1_17' title='bbox 348 1497 453 1563; x_wconf 86' lang='lat' dir='ltr'>multa</span> <span class='ocrx_word' id='word_1_18' title='bbox 473 1498 667 1580; x_wconf 87' lang='lat' dir='ltr'>conscripsit,</span> <span class='ocrx_word' id='word_1_19' title='bbox 687 1516 743 1580; x_wconf 93' lang='lat' dir='ltr'>per</span> <span class='ocrx_word' id='word_1_20' title='bbox 763 1516 842 1580; x_wconf 90' lang='lat' dir='ltr'>quae</span> <span class='ocrx_word' id='word_1_21' title='bbox 863 1497 1014 1562; x_wconf 88' lang='lat' dir='ltr'>memoria</span> <span class='ocrx_word' id='word_1_22' title='bbox 1033 1498 1122 1582; x_wconf 82' lang='lat' dir='ltr'>digni</span> <span class='ocrx_word' id='word_1_23' title='bbox 1140 1499 1276 1564; x_wconf 91' lang='lat' dir='ltr'>nominis</span> <span class='ocrx_word' id='word_1_24' title='bbox 1291 1500 1486 1581; x_wconf 81' lang='lat' dir='ltr'>supercidat,</span> 
     </span>
     <span class='ocr_line' id='line_1_5' title="bbox 354 1597 1509 1684; baseline -0.003 -21"><span class='ocrx_word' id='word_1_25' title='bbox 354 1597 416 1664; x_wconf 90' lang='lat' dir='ltr'>etsi</span> <span class='ocrx_word' id='word_1_26' title='bbox 437 1599 635 1681; x_wconf 70' lang='lat' dir='ltr'>eloquentiae</span> <span class='ocrx_word' id='word_1_27' title='bbox 650 1599 719 1664; x_wconf 90' lang='lat' dir='ltr'>eius</span> <span class='ocrx_word' id='word_1_28' title='bbox 734 1618 770 1664; x_wconf 90' lang='lat' dir='ltr'>ac</span> <span class='ocrx_word' id='word_1_29' title='bbox 783 1598 844 1663; x_wconf 93' lang='lat' dir='ltr'>Dei</span> <span class='ocrx_word' id='word_1_30' title='bbox 857 1599 981 1682; x_wconf 87' lang='lat' dir='ltr'>gratiae</span> <span class='ocrx_word' id='word_1_31' title='bbox 996 1599 1086 1684; x_wconf 87' lang='lat' dir='ltr'>larga</span> <span class='ocrx_word' id='word_1_32' title='bbox 1100 1598 1276 1665; x_wconf 69' lang='lat' dir='ltr'>fecunditas</span> <span class='ocrx_word' id='word_1_33' title='bbox 1290 1600 1338 1664; x_wconf 82' lang='lat' dir='ltr'>ita</span> <span class='ocrx_word' id='word_1_34' title='bbox 1351 1618 1384 1683; x_wconf 85' lang='lat' dir='ltr'>se</span> <span class='ocrx_word' id='word_1_35' title='bbox 1400 1603 1509 1684; x_wconf 78' lang='lat' dir='ltr'>copias</span> 
     </span>
     <span class='ocr_line' id='line_1_6' title="bbox 349 1700 1488 1783; baseline 0.004 -18"><span class='ocrx_word' id='word_1_36' title='bbox 349 1700 382 1765; x_wconf 91' lang='lat' dir='ltr'>et</span> <span class='ocrx_word' id='word_1_37' title='bbox 396 1701 542 1766; x_wconf 88' lang='lat' dir='ltr'>ubertate</span> <span class='ocrx_word' id='word_1_38' title='bbox 562 1702 716 1768; x_wconf 91' lang='lat' dir='ltr'>sermonis</span> <span class='ocrx_word' id='word_1_39' title='bbox 737 1701 884 1778; x_wconf 81' lang='lat' dir='ltr'>extendit,</span> <span class='ocrx_word' id='word_1_40' title='bbox 904 1702 942 1765; x_wconf 91' lang='lat' dir='ltr'>ut</span> <span class='ocrx_word' id='word_1_41' title='bbox 956 1718 1055 1783; x_wconf 88' lang='lat' dir='ltr'>usque</span> <span class='ocrx_word' id='word_1_42' title='bbox 1069 1701 1103 1766; x_wconf 93' lang='lat' dir='ltr'>in</span> <span class='ocrx_word' id='word_1_43' title='bbox 1118 1701 1211 1766; x_wconf 89' lang='lat' dir='ltr'>finem</span> <span class='ocrx_word' id='word_1_44' title='bbox 1227 1701 1339 1767; x_wconf 90' lang='lat' dir='ltr'>mundi</span> <span class='ocrx_word' id='word_1_45' title='bbox 1354 1702 1488 1769; x_wconf 87' lang='lat' dir='ltr'>fortasse</span> 
     </span>
     <span class='ocr_line' id='line_1_7' title="bbox 349 1804 1489 1887; baseline 0.003 -19"><span class='ocrx_word' id='word_1_46' title='bbox 349 1819 411 1868; x_wconf 92' lang='lat' dir='ltr'>non</span> <span class='ocrx_word' id='word_1_47' title='bbox 437 1804 556 1869; x_wconf 65' lang='lat' dir='ltr'>meoet:</span> <span class='ocrx_word' id='word_1_48' title='bbox 583 1805 690 1869; x_wconf 77' lang='lat' dir='ltr'>tarum</span> <span class='ocrx_word' id='word_1_49' title='bbox 715 1805 789 1887; x_wconf 89' lang='lat' dir='ltr'>quia</span> <span class='ocrx_word' id='word_1_50' title='bbox 813 1804 957 1887; x_wconf 89' lang='lat' dir='ltr'>operibns</span> <span class='ocrx_word' id='word_1_51' title='bbox 983 1805 1050 1870; x_wconf 88' lang='lat' dir='ltr'>eius</span> <span class='ocrx_word' id='word_1_52' title='bbox 1076 1823 1112 1870; x_wconf 91' lang='lat' dir='ltr'>ac</span> <span class='ocrx_word' id='word_1_53' title='bbox 1139 1805 1262 1869; x_wconf 89' lang='lat' dir='ltr'>moritis</span> <span class='ocrx_word' id='word_1_54' title='bbox 1289 1804 1385 1869; x_wconf 87' lang='lat' dir='ltr'>etiam</span> <span class='ocrx_word' id='word_1_55' title='bbox 1412 1804 1489 1871; x_wconf 90' lang='lat' dir='ltr'>haec</span> 
     </span>
    </p>

    <p class='ocr_par' dir='ltr' id='par_1_4' title="bbox 290 1906 1527 2802">
     <span class='ocr_line' id='line_1_8' title="bbox 290 1906 1488 1990; baseline 0 -18"><span class='ocrx_word' id='word_1_56' title='bbox 290 1938 293 1944; x_wconf 94' lang='lat'>·</span> <span class='ocrx_word' id='word_1_57' title='bbox 349 1906 570 1990; x_wconf 87' lang='lat' dir='ltr'>praerogatiua</span> <span class='ocrx_word' id='word_1_58' title='bbox 592 1906 731 1986; x_wconf 86' lang='lat' dir='ltr'>debetur,</span> <span class='ocrx_word' id='word_1_59' title='bbox 753 1907 874 1988; x_wconf 88' lang='lat' dir='ltr'>placuit</span> <span class='ocrx_word' id='word_1_60' title='bbox 888 1906 1073 1971; x_wconf 89' lang='lat' dir='ltr'>summatim</span> <span class='ocrx_word' id='word_1_61' title='bbox 1087 1924 1187 1988; x_wconf 90' lang='lat' dir='ltr'>pauca</span> <span class='ocrx_word' id='word_1_62' title='bbox 1202 1907 1404 1985; x_wconf 74' lang='lat' dir='ltr'>conscribere,</span> <span class='ocrx_word' id='word_1_63' title='bbox 1427 1925 1488 1972; x_wconf 93' lang='lat' dir='ltr'>non</span> 
     </span>
     <span class='ocr_line' id='line_1_9' title="bbox 351 2007 1489 2092; baseline -0.001 -20"><span class='ocrx_word' id='word_1_64' title='bbox 351 2025 412 2090; x_wconf 90' lang='lat' dir='ltr'>quo</span> <span class='ocrx_word' id='word_1_65' title='bbox 440 2008 579 2089; x_wconf 83' lang='lat' dir='ltr'>aliquem</span> <span class='ocrx_word' id='word_1_66' title='bbox 605 2009 657 2072; x_wconf 91' lang='lat' dir='ltr'>uel</span> <span class='ocrx_word' id='word_1_67' title='bbox 682 2008 851 2092; x_wconf 77' lang='lat' dir='ltr'>gentilium</span> <span class='ocrx_word' id='word_1_68' title='bbox 876 2008 976 2072; x_wconf 89' lang='lat' dir='ltr'>lateat</span> <span class='ocrx_word' id='word_1_69' title='bbox 1001 2008 1083 2072; x_wconf 78' lang='lat' dir='ltr'>tanti</span> <span class='ocrx_word' id='word_1_70' title='bbox 1109 2007 1171 2073; x_wconf 91' lang='lat' dir='ltr'>uiri</span> <span class='ocrx_word' id='word_1_71' title='bbox 1199 2008 1275 2086; x_wconf 80' lang='lat' dir='ltr'>uite,</span> <span class='ocrx_word' id='word_1_72' title='bbox 1308 2009 1363 2073; x_wconf 91' lang='lat' dir='ltr'>sed</span> <span class='ocrx_word' id='word_1_73' title='bbox 1388 2009 1426 2072; x_wconf 93' lang='lat' dir='ltr'>ut</span> <span class='ocrx_word' id='word_1_74' title='bbox 1449 2008 1489 2073; x_wconf 92' lang='lat' dir='ltr'>ad</span> 
     </span>
     <span class='ocr_line' id='line_1_10' title="bbox 350 2108 1525 2194; baseline 0 -21"><span class='ocrx_word' id='word_1_75' title='bbox 350 2111 491 2193; x_wconf 89' lang='lat' dir='ltr'>posteros</span> <span class='ocrx_word' id='word_1_76' title='bbox 507 2127 629 2192; x_wconf 87' lang='lat' dir='ltr'>quoquo</span> <span class='ocrx_word' id='word_1_77' title='bbox 644 2111 767 2175; x_wconf 90' lang='lat' dir='ltr'>nostros</span> <span class='ocrx_word' id='word_1_78' title='bbox 782 2108 1024 2193; x_wconf 80' lang='lat' dir='ltr'>incomparabile</span> <span class='ocrx_word' id='word_1_79' title='bbox 1040 2111 1072 2174; x_wconf 91' lang='lat' dir='ltr'>et</span> <span class='ocrx_word' id='word_1_80' title='bbox 1087 2109 1205 2194; x_wconf 82' lang='lat' dir='ltr'>grande</span> <span class='ocrx_word' id='word_1_81' title='bbox 1221 2109 1442 2176; x_wconf 87' lang='lat' dir='ltr'>documentum</span> <span class='ocrx_word' id='word_1_82' title='bbox 1454 2110 1489 2176; x_wconf 92' lang='lat' dir='ltr'>in</span> <span class='ocrx_word' id='word_1_83' title='bbox 1498 2134 1525 2173; x_wconf 81' lang='lat' dir='ltr'>ro</span> 
     </span>
     <span class='ocr_line' id='line_1_11' title="bbox 351 2211 1490 2294; baseline 0.001 -18"><span class='ocrx_word' id='word_1_84' title='bbox 351 2211 566 2276; x_wconf 85' lang='lat' dir='ltr'>immortalem</span> <span class='ocrx_word' id='word_1_85' title='bbox 581 2212 766 2276; x_wconf 88' lang='lat' dir='ltr'>memoriam</span> <span class='ocrx_word' id='word_1_86' title='bbox 780 2212 957 2294; x_wconf 82' lang='lat' dir='ltr'>porrigatur</span> <span class='ocrx_word' id='word_1_87' title='bbox 970 2213 999 2273; x_wconf 83' lang='lat' dir='ltr'>ct</span> <span class='ocrx_word' id='word_1_88' title='bbox 1013 2213 1051 2275; x_wconf 91' lang='lat' dir='ltr'>ut</span> <span class='ocrx_word' id='word_1_89' title='bbox 1062 2211 1102 2275; x_wconf 93' lang='lat' dir='ltr'>ad</span> <span class='ocrx_word' id='word_1_90' title='bbox 1117 2211 1293 2294; x_wconf 85' lang='lat' dir='ltr'>exemplum</span> <span class='ocrx_word' id='word_1_91' title='bbox 1309 2211 1359 2274; x_wconf 89' lang='lat' dir='ltr'>sui</span> <span class='ocrx_word' id='word_1_92' title='bbox 1374 2211 1490 2277; x_wconf 88' lang='lat' dir='ltr'>litteris</span> 
     </span>
     <span class='ocr_line' id='line_1_12' title="bbox 351 2312 1489 2397; baseline 0.001 -19"><span class='ocrx_word' id='word_1_93' title='bbox 351 2312 538 2397; x_wconf 84' lang='lat' dir='ltr'>dirigantur.</span> <span class='ocrx_word' id='word_1_94' title='bbox 560 2314 645 2378; x_wconf 86' lang='lat' dir='ltr'>certe</span> <span class='ocrx_word' id='word_1_95' title='bbox 666 2313 781 2378; x_wconf 85' lang='lat' dir='ltr'>durum</span> <span class='ocrx_word' id='word_1_96' title='bbox 801 2313 877 2391; x_wconf 82' lang='lat' dir='ltr'>erat,</span> <span class='ocrx_word' id='word_1_97' title='bbox 899 2314 936 2378; x_wconf 92' lang='lat' dir='ltr'>ut</span> <span class='ocrx_word' id='word_1_98' title='bbox 951 2332 1023 2378; x_wconf 91' lang='lat' dir='ltr'>cum</span> <span class='ocrx_word' id='word_1_99' title='bbox 1043 2313 1179 2379; x_wconf 88' lang='lat' dir='ltr'>maiores</span> <span class='ocrx_word' id='word_1_100' title='bbox 1194 2313 1294 2378; x_wconf 84' lang='lat' dir='ltr'>nostri</span> <span class='ocrx_word' id='word_1_101' title='bbox 1308 2312 1441 2395; x_wconf 90' lang='lat' dir='ltr'>plebeiis</span> <span class='ocrx_word' id='word_1_102' title='bbox 1456 2315 1489 2379; x_wconf 90' lang='lat' dir='ltr'>et</span> 
     </span>
     <span class='ocr_line' id='line_1_13' title="bbox 351 2415 1492 2498; baseline 0 -18"><span class='ocrx_word' id='word_1_103' title='bbox 351 2415 562 2480; x_wconf 86' lang='lat' dir='ltr'>catecumenis</span> <span class='ocrx_word' id='word_1_104' title='bbox 583 2416 773 2498; x_wconf 79' lang='lat' dir='ltr'>martyrium</span> <span class='ocrx_word' id='word_1_105' title='bbox 795 2415 968 2481; x_wconf 86' lang='lat' dir='ltr'>consecutis</span> <span class='ocrx_word' id='word_1_106' title='bbox 989 2417 1115 2480; x_wconf 89' lang='lat' dir='ltr'>tantum</span> <span class='ocrx_word' id='word_1_107' title='bbox 1130 2415 1257 2492; x_wconf 88' lang='lat' dir='ltr'>honoris</span> <span class='ocrx_word' id='word_1_108' title='bbox 1273 2433 1328 2498; x_wconf 90' lang='lat' dir='ltr'>pro</span> <span class='ocrx_word' id='word_1_109' title='bbox 1344 2415 1492 2498; x_wconf 85' lang='lat' dir='ltr'>martyrii</span> 
     </span>
     <span class='ocr_line' id='line_1_14' title="bbox 352 2515 1492 2599; baseline -0.002 -18"><span class='ocrx_word' id='word_1_110' title='bbox 352 2515 453 2599; x_wconf 90' lang='lat' dir='ltr'>ipsius</span> <span class='ocrx_word' id='word_1_111' title='bbox 468 2518 668 2582; x_wconf 89' lang='lat' dir='ltr'>ueneratione</span> <span class='ocrx_word' id='word_1_112' title='bbox 686 2518 864 2596; x_wconf 86' lang='lat' dir='ltr'>tribuerint,</span> <span class='ocrx_word' id='word_1_113' title='bbox 880 2519 916 2581; x_wconf 89' lang='lat' dir='ltr'>ut</span> <span class='ocrx_word' id='word_1_114' title='bbox 932 2517 969 2582; x_wconf 91' lang='lat' dir='ltr'>de</span> <span class='ocrx_word' id='word_1_115' title='bbox 984 2518 1179 2599; x_wconf 87' lang='lat' dir='ltr'>passionibus</span> <span class='ocrx_word' id='word_1_116' title='bbox 1194 2534 1302 2581; x_wconf 91' lang='lat' dir='ltr'>eorum</span> <span class='ocrx_word' id='word_1_117' title='bbox 1317 2516 1420 2581; x_wconf 90' lang='lat' dir='ltr'>multa</span> <span class='ocrx_word' id='word_1_118' title='bbox 1435 2516 1492 2580; x_wconf 91' lang='lat' dir='ltr'>aut</span> 
     </span>
     <span class='ocr_line' id='line_1_15' title="bbox 353 2618 1527 2703; baseline 0.003 -21"><span class='ocrx_word' id='word_1_119' title='bbox 353 2619 493 2700; x_wconf 85' lang='lat' dir='ltr'>utprope</span> <span class='ocrx_word' id='word_1_120' title='bbox 508 2619 642 2684; x_wconf 85' lang='lat' dir='ltr'>dixerim</span> <span class='ocrx_word' id='word_1_121' title='bbox 656 2637 753 2701; x_wconf 86' lang='lat' dir='ltr'>paens</span> <span class='ocrx_word' id='word_1_122' title='bbox 764 2621 875 2684; x_wconf 89' lang='lat' dir='ltr'>cuncta</span> <span class='ocrx_word' id='word_1_123' title='bbox 882 2619 1129 2703; x_wconf 85' lang='lat' dir='ltr'>conscripserint,</span> <span class='ocrx_word' id='word_1_124' title='bbox 1142 2618 1296 2701; x_wconf 90' lang='lat' dir='ltr'>utiqueut</span> <span class='ocrx_word' id='word_1_125' title='bbox 1305 2618 1492 2684; x_wconf 87' lang='lat' dir='ltr'>adnostrsm</span> <span class='ocrx_word' id='word_1_126' title='bbox 1502 2646 1527 2685; x_wconf 72' lang='lat' dir='ltr'>rs</span> 
     </span>
     <span class='ocr_line' id='line_1_16' title="bbox 353 2717 1492 2802; baseline -0.002 -18"><span class='ocrx_word' id='word_1_127' title='bbox 353 2737 477 2802; x_wconf 87' lang='lat' dir='ltr'>quoque</span> <span class='ocrx_word' id='word_1_128' title='bbox 496 2720 645 2785; x_wconf 91' lang='lat' dir='ltr'>notitiam</span> <span class='ocrx_word' id='word_1_129' title='bbox 668 2720 722 2802; x_wconf 87' lang='lat' dir='ltr'>qui</span> <span class='ocrx_word' id='word_1_130' title='bbox 741 2721 879 2786; x_wconf 90' lang='lat' dir='ltr'>nondum</span> <span class='ocrx_word' id='word_1_131' title='bbox 895 2720 963 2784; x_wconf 89' lang='lat' dir='ltr'>nati</span> <span class='ocrx_word' id='word_1_132' title='bbox 978 2718 1098 2785; x_wconf 87' lang='lat' dir='ltr'>fuimus</span> <span class='ocrx_word' id='word_1_133' title='bbox 1112 2720 1324 2802; x_wconf 82' lang='lat' dir='ltr'>peruenirent,</span> <span class='ocrx_word' id='word_1_134' title='bbox 1345 2717 1492 2802; x_wconf 78' lang='lat' dir='ltr'>Cypriani</span> 
     </span>
    </p>
   </div>
   <div class='ocr_carea' id='block_1_4' title="bbox 301 2940 1499 3950">
    <p class='ocr_par' dir='ltr' id='par_1_5' title="bbox 352 2940 1499 3862">
     <span class='ocr_line' id='line_1_17' title="bbox 406 2940 1495 3011; baseline -0.003 -15"><span class='ocrx_word' id='word_1_135' title='bbox 406 2940 511 3010; x_wconf 86' lang='lat' dir='ltr'>Incipit</span> <span class='ocrx_word' id='word_1_136' title='bbox 523 2940 608 2997; x_wconf 83' lang='lat' dir='ltr'>Cecili</span> <span class='ocrx_word' id='word_1_137' title='bbox 620 2941 751 3011; x_wconf 85' lang='lat' dir='ltr'>Cypriani</span> <span class='ocrx_word' id='word_1_138' title='bbox 769 2942 886 2995; x_wconf 83' lang='lat' dir='ltr'>antestis</span> <span class='ocrx_word' id='word_1_139' title='bbox 903 2941 947 2997; x_wconf 89' lang='lat' dir='ltr'>dei</span> <span class='ocrx_word' id='word_1_140' title='bbox 960 2942 991 3006; x_wconf 88' lang='lat' dir='ltr'>T,</span> <span class='ocrx_word' id='word_1_141' title='bbox 1011 2941 1115 3010; x_wconf 90' lang='lat' dir='ltr'>Incipit</span> <span class='ocrx_word' id='word_1_142' title='bbox 1129 2941 1162 2996; x_wconf 89' lang='lat' dir='ltr'>de</span> <span class='ocrx_word' id='word_1_143' title='bbox 1173 2942 1234 2995; x_wconf 85' lang='lat' dir='ltr'>uita</span> <span class='ocrx_word' id='word_1_144' title='bbox 1246 2940 1340 3010; x_wconf 79' lang='lat' dir='ltr'>ccciiij</span> <span class='ocrx_word' id='word_1_145' title='bbox 1359 2940 1495 2994; x_wconf 84' lang='lat' dir='ltr'>antistitis</span> 
     </span>
     <span class='ocr_line' id='line_1_18' title="bbox 353 3025 1495 3096; baseline 0 -17"><span class='ocrx_word' id='word_1_146' title='bbox 353 3025 483 3096; x_wconf 81' lang='lat' dir='ltr'>cypriani</span> <span class='ocrx_word' id='word_1_147' title='bbox 495 3032 507 3081; x_wconf 80' lang='lat' dir='ltr'>t</span> <span class='ocrx_word' id='word_1_148' title='bbox 520 3028 595 3093; x_wconf 72' lang='lat' dir='ltr'>(mon</span> <span class='ocrx_word' id='word_1_149' title='bbox 611 3026 698 3080; x_wconf 79' lang='lat' dir='ltr'>codsa</span> <span class='ocrx_word' id='word_1_150' title='bbox 710 3032 722 3080; x_wconf 81' lang='lat' dir='ltr'>t</span> <span class='ocrx_word' id='word_1_151' title='bbox 734 3042 796 3081; x_wconf 82' lang='lat' dir='ltr'>cum</span> <span class='ocrx_word' id='word_1_152' title='bbox 809 3026 919 3080; x_wconf 70' lang='lat' dir='ltr'>Terede</span> <span class='ocrx_word' id='word_1_153' title='bbox 936 3027 1091 3094; x_wconf 66' lang='lat' dir='ltr'>demptos</span> <span class='ocrx_word' id='word_1_154' title='bbox 1108 3033 1149 3081; x_wconf 84' lang='lat' dir='ltr'>cst</span> <span class='ocrx_word' id='word_1_155' title='bbox 1160 3027 1263 3095; x_wconf 72' lang='lat' dir='ltr'>otiores</span> <span class='ocrx_word' id='word_1_156' title='bbox 1274 3026 1335 3091; x_wconf 79' lang='lat' dir='ltr'>scre</span> <span class='ocrx_word' id='word_1_157' title='bbox 1346 3027 1495 3094; x_wconf 73' lang='lat' dir='ltr'>conspiret,</span> 
     </span>
     <span class='ocr_line' id='line_1_19' title="bbox 352 3110 1497 3182; baseline -0.002 -16"><span class='ocrx_word' id='word_1_158' title='bbox 352 3112 423 3182; x_wconf 72' lang='lat' dir='ltr'>stolo</span> <span class='ocrx_word' id='word_1_159' title='bbox 436 3111 521 3166; x_wconf 77' lang='lat' dir='ltr'>Pbos</span> <span class='ocrx_word' id='word_1_160' title='bbox 538 3111 730 3180; x_wconf 75' lang='lat' dir='ltr'>coocspircotes</span> <span class='ocrx_word' id='word_1_161' title='bbox 746 3112 877 3166; x_wconf 65' lang='lat' dir='ltr'>lectione</span> <span class='ocrx_word' id='word_1_162' title='bbox 893 3112 1016 3180; x_wconf 72' lang='lat' dir='ltr'>intellegi</span> <span class='ocrx_word' id='word_1_163' title='bbox 1034 3112 1136 3179; x_wconf 72' lang='lat' dir='ltr'>uolui),</span> <span class='ocrx_word' id='word_1_164' title='bbox 1154 3111 1252 3165; x_wconf 88' lang='lat' dir='ltr'>Breuis</span> <span class='ocrx_word' id='word_1_165' title='bbox 1264 3110 1411 3178; x_wconf 74' lang='lat' dir='ltr'>descriptio</span> <span class='ocrx_word' id='word_1_166' title='bbox 1422 3111 1497 3164; x_wconf 86' lang='lat' dir='ltr'>uitae</span> 
     </span>
     <span class='ocr_line' id='line_1_20' title="bbox 352 3193 1497 3266; baseline -0.004 -14"><span class='ocrx_word' id='word_1_167' title='bbox 352 3196 506 3252; x_wconf 78' lang='lat' dir='ltr'>beatissimi</span> <span class='ocrx_word' id='word_1_168' title='bbox 528 3198 557 3250; x_wconf 89' lang='lat' dir='ltr'>et</span> <span class='ocrx_word' id='word_1_169' title='bbox 578 3195 730 3251; x_wconf 78' lang='lat' dir='ltr'>doctissimi</span> <span class='ocrx_word' id='word_1_170' title='bbox 751 3196 872 3266; x_wconf 84' lang='lat' dir='ltr'>Cipriani</span> <span class='ocrx_word' id='word_1_171' title='bbox 893 3196 1009 3265; x_wconf 88' lang='lat' dir='ltr'>episcopi</span> <span class='ocrx_word' id='word_1_172' title='bbox 1030 3198 1058 3251; x_wconf 90' lang='lat' dir='ltr'>et</span> <span class='ocrx_word' id='word_1_173' title='bbox 1078 3195 1202 3250; x_wconf 84' lang='lat' dir='ltr'>martiris</span> <span class='ocrx_word' id='word_1_174' title='bbox 1221 3212 1255 3259; x_wconf 81' lang='lat' dir='ltr'>so,</span> <span class='ocrx_word' id='word_1_175' title='bbox 1280 3194 1384 3263; x_wconf 85' lang='lat' dir='ltr'>Incipit</span> <span class='ocrx_word' id='word_1_176' title='bbox 1406 3193 1497 3263; x_wconf 87' lang='lat' dir='ltr'>passio</span> 
     </span>
     <span class='ocr_line' id='line_1_21' title="bbox 352 3279 1466 3351; baseline -0.004 -14"><span class='ocrx_word' id='word_1_177' title='bbox 352 3281 507 3338; x_wconf 78' lang='lat' dir='ltr'>beatissimi</span> <span class='ocrx_word' id='word_1_178' title='bbox 521 3280 650 3350; x_wconf 80' lang='lat' dir='ltr'>Cyprisni</span> <span class='ocrx_word' id='word_1_179' title='bbox 661 3283 789 3349; x_wconf 79' lang='lat' dir='ltr'>martyris</span> <span class='ocrx_word' id='word_1_180' title='bbox 802 3301 830 3351; x_wconf 81' lang='grc' dir='ltr'>μ.</span> <span class='ocrx_word' id='word_1_181' title='bbox 844 3311 875 3321; x_wconf 99' lang='grc'>-</span> <span class='ocrx_word' id='word_1_182' title='bbox 888 3283 905 3335; x_wconf 89' lang='grc'>3</span> <span class='ocrx_word' id='word_1_183' title='bbox 918 3283 1033 3335; x_wconf 69' lang='lat' dir='ltr'>suecis</span> <span class='ocrx_word' id='word_1_184' title='bbox 1048 3282 1092 3343; x_wconf 61' lang='lat' dir='ltr'>Il,</span> <span class='ocrx_word' id='word_1_185' title='bbox 1104 3280 1279 3347; x_wconf 81' lang='lat' dir='ltr'>antistitesp</span> <span class='ocrx_word' id='word_1_186' title='bbox 1375 3279 1425 3334; x_wconf 87' lang='lat' dir='ltr'>deo</span> <span class='ocrx_word' id='word_1_187' title='bbox 1439 3280 1466 3334; x_wconf 81' lang='lat' dir='ltr'><strong><em>T</em></strong></span> 
     </span>
     <span class='ocr_line' id='line_1_22' title="bbox 354 3361 1499 3436; baseline -0.005 -14"><span class='ocrx_word' id='word_1_188' title='bbox 354 3369 453 3432; x_wconf 59' lang='lat' dir='ltr'>etsiff&#39;,</span> <span class='ocrx_word' id='word_1_189' title='bbox 465 3367 579 3421; x_wconf 84' lang='lat' dir='ltr'>tametsi</span> <span class='ocrx_word' id='word_1_190' title='bbox 592 3382 656 3436; x_wconf 78' lang='lat' dir='ltr'>copo</span> <span class='ocrx_word' id='word_1_191' title='bbox 680 3406 684 3414; x_wconf 81' lang='grc'>.</span> <span class='ocrx_word' id='word_1_192' title='bbox 756 3366 883 3435; x_wconf 76' lang='lat' dir='ltr'>dmults]</span> <span class='ocrx_word' id='word_1_193' title='bbox 895 3366 1000 3420; x_wconf 80' lang='lat' dir='ltr'>mulcta</span> <span class='ocrx_word' id='word_1_194' title='bbox 1015 3366 1041 3419; x_wconf 84' lang='grc' dir='ltr'><em>Τ</em></span> <span class='ocrx_word' id='word_1_195' title='bbox 1137 3381 1206 3434; x_wconf 87' lang='lat' dir='ltr'>qnae</span> <span class='ocrx_word' id='word_1_196' title='bbox 1218 3380 1253 3418; x_wconf 82' lang='lat' dir='ltr'>soc</span> <span class='ocrx_word' id='word_1_197' title='bbox 1265 3381 1319 3433; x_wconf 87' lang='lat' dir='ltr'>qua</span> <span class='ocrx_word' id='word_1_198' title='bbox 1336 3361 1361 3412; x_wconf 79' lang='lat' dir='ltr'>&#39;l&#39;</span> <span class='ocrx_word' id='word_1_199' title='bbox 1456 3364 1499 3416; x_wconf 89' lang='lat' dir='ltr'>sni</span> 
     </span>
     <span class='ocr_line' id='line_1_23' title="bbox 354 3446 1499 3523; baseline -0.003 -17"><span class='ocrx_word' id='word_1_200' title='bbox 354 3451 521 3523; x_wconf 86' lang='lat' dir='ltr'>digneminis</span> <span class='ocrx_word' id='word_1_201' title='bbox 533 3471 554 3520; x_wconf 79' lang='grc' dir='ltr'><strong><em>μ</em></strong></span> <span class='ocrx_word' id='word_1_202' title='bbox 565 3449 615 3505; x_wconf 83' lang='lat' dir='ltr'>sed</span> <span class='ocrx_word' id='word_1_203' title='bbox 627 3451 671 3504; x_wconf 91' lang='lat' dir='ltr'>sui</span> <span class='ocrx_word' id='word_1_204' title='bbox 682 3466 703 3505; x_wconf 89' lang='lat' dir='ltr'>s.</span> <span class='ocrx_word' id='word_1_205' title='bbox 717 3451 735 3505; x_wconf 87' lang='lat' dir='ltr'>l.</span> <span class='ocrx_word' id='word_1_206' title='bbox 746 3455 814 3505; x_wconf 66' lang='grc' dir='ltr'><em>Μ</em></span> <span class='ocrx_word' id='word_1_207' title='bbox 882 3450 1039 3519; x_wconf 85' lang='lat' dir='ltr'>superbibat</span> <span class='ocrx_word' id='word_1_208' title='bbox 1051 3450 1087 3504; x_wconf 75' lang='lat' dir='ltr'>T·</span> <span class='ocrx_word' id='word_1_209' title='bbox 1162 3449 1318 3520; x_wconf 77' lang='lat' dir='ltr'>bgratiap</span> <span class='ocrx_word' id='word_1_210' title='bbox 1390 3446 1499 3503; x_wconf 81' lang='lat' dir='ltr'>ildebe-</span> 
     </span>
     <span class='ocr_line' id='line_1_24' title="bbox 354 3533 1497 3608; baseline -0.003 -17"><span class='ocrx_word' id='word_1_211' title='bbox 354 3537 411 3608; x_wconf 87' lang='lat' dir='ltr'>tur]</span> <span class='ocrx_word' id='word_1_212' title='bbox 424 3535 544 3591; x_wconf 85' lang='lat' dir='ltr'>delectat</span> <span class='ocrx_word' id='word_1_213' title='bbox 555 3552 616 3605; x_wconf 76' lang='lat' dir='ltr'>eop;</span> <span class='ocrx_word' id='word_1_214' title='bbox 627 3536 672 3590; x_wconf 81' lang='lat' dir='ltr'>bic</span> <span class='ocrx_word' id='word_1_215' title='bbox 684 3535 799 3590; x_wconf 75' lang='lat' dir='ltr'>corbet</span> <span class='ocrx_word' id='word_1_216' title='bbox 813 3540 846 3589; x_wconf 87' lang='lat'>11</span> <span class='ocrx_word' id='word_1_217' title='bbox 859 3538 891 3589; x_wconf 89' lang='lat' dir='ltr'>ut</span> <span class='ocrx_word' id='word_1_218' title='bbox 960 3535 1115 3605; x_wconf 83' lang='lat' dir='ltr'>dirigantur</span> <span class='ocrx_word' id='word_1_219' title='bbox 1131 3536 1234 3590; x_wconf 76' lang='lat' dir='ltr'>inserit</span> <span class='ocrx_word' id='word_1_220' title='bbox 1246 3550 1309 3604; x_wconf 78' lang='lat' dir='ltr'>wpo</span> <span class='ocrx_word' id='word_1_221' title='bbox 1406 3535 1423 3588; x_wconf 87' lang='lat'>9</span> <span class='ocrx_word' id='word_1_222' title='bbox 1435 3533 1497 3602; x_wconf 87' lang='lat' dir='ltr'>qno]</span> 
     </span>
     <span class='ocr_line' id='line_1_25' title="bbox 355 3607 1465 3693; baseline -0.005 -15"><span class='ocrx_word' id='word_1_223' title='bbox 355 3621 457 3693; x_wconf 83' lang='lat' dir='ltr'>quode</span> <span class='ocrx_word' id='word_1_224' title='bbox 548 3621 715 3689; x_wconf 67' lang='lat' dir='ltr'>uelamina</span> <span class='ocrx_word' id='word_1_225' title='bbox 809 3607 1174 3690; x_wconf 77' lang='lat' dir='ltr'>tantiectmcorr.pm.2</span> <span class='ocrx_word' id='word_1_226' title='bbox 1268 3619 1465 3685; x_wconf 75' lang='lat' dir='ltr'>10inonsrop</span> 
     </span>
     <span class='ocr_line' id='line_1_26' title="bbox 357 3702 1465 3774; baseline -0.003 -13"><span class='ocrx_word' id='word_1_227' title='bbox 357 3707 390 3761; x_wconf 91' lang='lat'>11</span> <span class='ocrx_word' id='word_1_228' title='bbox 403 3708 433 3760; x_wconf 86' lang='lat' dir='ltr'>et</span> <span class='ocrx_word' id='word_1_229' title='bbox 444 3705 547 3760; x_wconf 79' lang='lat' dir='ltr'>addidi</span> <span class='ocrx_word' id='word_1_230' title='bbox 637 3705 672 3759; x_wconf 89' lang='lat' dir='ltr'>ad</span> <span class='ocrx_word' id='word_1_231' title='bbox 684 3721 735 3759; x_wconf 82' lang='lat' dir='ltr'>om.</span> <span class='ocrx_word' id='word_1_232' title='bbox 748 3721 810 3774; x_wconf 76' lang='lat' dir='ltr'>copo</span> <span class='ocrx_word' id='word_1_233' title='bbox 896 3705 939 3759; x_wconf 90' lang='lat' dir='ltr'>sui</span> <span class='ocrx_word' id='word_1_234' title='bbox 955 3704 1008 3773; x_wconf 73' lang='lat' dir='ltr'>lp,</span> <span class='ocrx_word' id='word_1_235' title='bbox 1021 3721 1099 3759; x_wconf 87' lang='lat' dir='ltr'>snum</span> <span class='ocrx_word' id='word_1_236' title='bbox 1111 3721 1154 3759; x_wconf 78' lang='lat' dir='ltr'>eoo</span> <span class='ocrx_word' id='word_1_237' title='bbox 1241 3703 1269 3756; x_wconf 91' lang='lat' dir='ltr'>iu</span> <span class='ocrx_word' id='word_1_238' title='bbox 1282 3702 1391 3757; x_wconf 83' lang='lat' dir='ltr'>litteras</span> <span class='ocrx_word' id='word_1_239' title='bbox 1403 3719 1465 3772; x_wconf 76' lang='lat' dir='ltr'>wpo</span> 
     </span>
     <span class='ocr_line' id='line_1_27' title="bbox 357 3783 1464 3862; baseline -0.006 -15"><span class='ocrx_word' id='word_1_240' title='bbox 357 3793 391 3847; x_wconf 78' lang='lat'>12</span> <span class='ocrx_word' id='word_1_241' title='bbox 404 3792 562 3862; x_wconf 83' lang='lat' dir='ltr'>dirigantur</span> <span class='ocrx_word' id='word_1_242' title='bbox 571 3783 608 3856; x_wconf 75' lang='lat' dir='ltr'>T,</span> <span class='ocrx_word' id='word_1_243' title='bbox 621 3791 759 3861; x_wconf 86' lang='lat' dir='ltr'>dirigatur</span> <span class='ocrx_word' id='word_1_244' title='bbox 771 3813 800 3856; x_wconf 87' lang='grc' dir='ltr'>μ,</span> <span class='ocrx_word' id='word_1_245' title='bbox 812 3790 952 3860; x_wconf 83' lang='lat' dir='ltr'>digeratur</span> <span class='ocrx_word' id='word_1_246' title='bbox 963 3807 1006 3845; x_wconf 77' lang='lat' dir='ltr'>sco</span> <span class='ocrx_word' id='word_1_247' title='bbox 1161 3788 1250 3858; x_wconf 88' lang='lat' dir='ltr'>plebis</span> <span class='ocrx_word' id='word_1_248' title='bbox 1263 3788 1328 3857; x_wconf 71' lang='lat' dir='ltr'>Tpo&#39;,</span> <span class='ocrx_word' id='word_1_249' title='bbox 1341 3787 1417 3857; x_wconf 89' lang='lat' dir='ltr'>plebi</span> <span class='ocrx_word' id='word_1_250' title='bbox 1429 3787 1464 3856; x_wconf 77' lang='grc' dir='ltr'>μ’</span> 
     </span>
    </p>

    <p class='ocr_par' dir='ltr' id='par_1_6' title="bbox 301 3871 1498 3950">
     <span class='ocr_line' id='line_1_28' title="bbox 301 3871 1498 3950; baseline -0.006 -18"><span class='ocrx_word' id='word_1_251' title='bbox 301 3941 304 3950; x_wconf 24' lang='lat' dir='ltr'>y</span> <span class='ocrx_word' id='word_1_252' title='bbox 357 3877 391 3932; x_wconf 82' lang='grc'>13</span> <span class='ocrx_word' id='word_1_253' title='bbox 403 3877 579 3932; x_wconf 84' lang='lat' dir='ltr'>catecuminis</span> <span class='ocrx_word' id='word_1_254' title='bbox 593 3876 663 3946; x_wconf 79' lang='lat' dir='ltr'>Tpro</span> <span class='ocrx_word' id='word_1_255' title='bbox 767 3875 911 3929; x_wconf 85' lang='lat' dir='ltr'>martirum</span> <span class='ocrx_word' id='word_1_256' title='bbox 922 3892 968 3945; x_wconf 76' lang='lat' dir='ltr'>cop</span> <span class='ocrx_word' id='word_1_257' title='bbox 1067 3877 1226 3929; x_wconf 88' lang='lat' dir='ltr'>consecutus</span> <span class='ocrx_word' id='word_1_258' title='bbox 1238 3890 1263 3928; x_wconf 78' lang='lat' dir='ltr'>rc</span> <span class='ocrx_word' id='word_1_259' title='bbox 1361 3871 1498 3942; x_wconf 80' lang='lat' dir='ltr'>martyrii]</span> 
     </span>
    </p>
   </div>
   <div class='ocr_carea' id='block_1_5' title="bbox 190 3955 1500 4232">
    <p class='ocr_par' dir='ltr' id='par_1_7' title="bbox 190 3955 1500 4232">
     <span class='ocr_line' id='line_1_29' title="bbox 356 3955 1500 4055; baseline -0.006 -11"><span class='ocrx_word' id='word_1_260' title='bbox 356 3955 433 4044; x_wconf 65' lang='lat' dir='ltr'>mci</span> <span class='ocrx_word' id='word_1_261' title='bbox 448 3988 480 4052; x_wconf 82' lang='lat' dir='ltr'>r,</span> <span class='ocrx_word' id='word_1_262' title='bbox 493 3987 621 4041; x_wconf 68' lang='lat' dir='ltr'>marren</span> <span class='ocrx_word' id='word_1_263' title='bbox 724 3985 758 4040; x_wconf 85' lang='lat'>14</span> <span class='ocrx_word' id='word_1_264' title='bbox 769 3986 822 4055; x_wconf 77' lang='lat' dir='ltr'>ipsi</span> <span class='ocrx_word' id='word_1_265' title='bbox 834 4002 866 4048; x_wconf 76' lang='lat' dir='ltr'>o.</span> <span class='ocrx_word' id='word_1_266' title='bbox 879 3971 936 4055; x_wconf 63' lang='lat' dir='ltr'>rim</span> <span class='ocrx_word' id='word_1_267' title='bbox 949 4002 973 4039; x_wconf 76' lang='lat' dir='ltr'><em>w</em></span> <span class='ocrx_word' id='word_1_268' title='bbox 1076 3983 1500 4053; x_wconf 67' lang='lat' dir='ltr'>meueencsepe,aenuerrne</span> 
     </span>
     <span class='ocr_line' id='line_1_30' title="bbox 358 4071 1499 4146; baseline -0.006 -15"><span class='ocrx_word' id='word_1_269' title='bbox 358 4074 664 4146; x_wconf 59' lang='lat' dir='ltr'>mompsuestinae</span> <span class='ocrx_word' id='word_1_270' title='bbox 798 4075 854 4143; x_wconf 85' lang='lat' dir='ltr'>sut]</span> <span class='ocrx_word' id='word_1_271' title='bbox 870 4075 1115 4143; x_wconf 80' lang='lat' dir='ltr'>sntpropeantp¹</span> <span class='ocrx_word' id='word_1_272' title='bbox 1249 4071 1284 4125; x_wconf 77' lang='lat'>15</span> <span class='ocrx_word' id='word_1_273' title='bbox 1295 4073 1328 4125; x_wconf 86' lang='lat' dir='ltr'>ut</span> <span class='ocrx_word' id='word_1_274' title='bbox 1339 4087 1420 4141; x_wconf 89' lang='lat' dir='ltr'>prope</span> <span class='ocrx_word' id='word_1_275' title='bbox 1432 4077 1499 4140; x_wconf 79' lang='lat' dir='ltr'>trop,</span> 
     </span>
     <span class='ocr_line' id='line_1_31' title="bbox 190 4156 1428 4232; baseline -0.006 -16"><span class='ocrx_word' id='word_1_276' title='bbox 190 4201 196 4216; x_wconf 46' lang='lat' dir='ltr'>r</span> <span class='ocrx_word' id='word_1_277' title='bbox 357 4161 493 4232; x_wconf 72' lang='lat' dir='ltr'>propei&#39;o</span> <span class='ocrx_word' id='word_1_278' title='bbox 597 4159 786 4228; x_wconf 84' lang='lat' dir='ltr'>conscripserit</span> <span class='ocrx_word' id='word_1_279' title='bbox 801 4161 837 4215; x_wconf 72' lang='lat' dir='ltr'>T*</span> <span class='ocrx_word' id='word_1_280' title='bbox 940 4159 1126 4228; x_wconf 58' lang='lat' dir='ltr'>anneomc</span> <span class='ocrx_word' id='word_1_281' title='bbox 1231 4156 1265 4210; x_wconf 81' lang='lat'>16</span> <span class='ocrx_word' id='word_1_282' title='bbox 1277 4171 1428 4224; x_wconf 83' lang='lat' dir='ltr'>qnaeqnep</span> 
     </span>
    </p>
   </div>
   <div class='ocr_carea' id='block_1_6' title="bbox 0 0 1879 4920">
    <p class='ocr_par' dir='ltr' id='par_1_8' title="bbox 0 0 1879 4920">
     <span class='ocr_line' id='line_1_32' title="bbox 0 0 1879 4920; baseline 0 0"><span class='ocrx_word' id='word_1_283' title='bbox 0 0 1879 4920; x_wconf 95' lang='lat' dir='ltr'> </span> 
     </span>
    </p>
   </div>
  </div>
 </body>
</html>
