3720 4920
382 353 403 437 8
863 352 1049 422 appendix.

380 511 475 570 totum
489 511 613 571 otiosum
628 510 785 584 negotium,
805 510 891 572 immo
907 528 993 585 qnam
1014 511 1140 586 turpiter
1158 512 1400 587 ignominiosum?
1429 515 1517 586 hunc,

379 609 507 686 inquam,
523 612 687 672 memoriter
696 614 787 672 totam
799 608 897 687 eipuini
912 613 1027 687 generis
1042 613 1167 674 sobolem
1181 619 1393 690 computantem
1409 618 1440 676 et
1454 616 1518 677 siue

378 713 488 775 offensa
502 714 579 774 hunc
593 715 687 774 locum
702 731 807 789 magna
827 715 981 775 uelocitate
1001 715 1190 788 referentem,
1216 720 1350 790 parentes
1371 718 1479 779 Christi
1495 717 1523 778 si

378 831 524 892 perrogas,
545 816 649 889 noscit,
671 817 723 876 aut
742 815 884 876 infelicior
905 816 932 877 si
952 817 1017 877 scit.
1041 834 1125 891 quem
1142 816 1168 876 si
1183 836 1283 879 rursus
1296 835 1446 895 perrogem
1462 837 1519 894 quo

378 919 415 978 ad
434 918 508 977 illud
528 919 724 992 spectaculum
739 917 841 978 itinere
863 919 1037 1000 peruenerit,
1052 919 1237 979 confitebitur
1251 937 1303 995 per
1322 921 1536 995 lupanariums

377 1035 429 1096 per
448 1019 670 1095 prostitutarum
691 1019 770 1078 nuda
791 1035 917 1094 corpora,
932 1037 985 1094 per
999 1020 1139 1079 lubricam
1154 1019 1314 1094 libidinem,
1329 1038 1380 1096 per
1395 1023 1517 1082 dedecus

377 1122 536 1197 publicum,
562 1138 614 1195 per
639 1122 789 1196 uulgarem
809 1122 970 1194 lasciuiam,
998 1139 1050 1196 per
1072 1140 1248 1183 communem
1267 1124 1394 1184 omnium
1415 1128 1516 1184 contu·

376 1223 502 1283 meliam.
525 1222 572 1284 cui
587 1225 692 1283 utnon
708 1222 830 1283 obiciam
845 1222 1058 1297 quodlortasse
1073 1223 1225 1296 commisit,
1241 1223 1316 1284 uidit
1330 1228 1428 1285 tamen
1442 1223 1518 1298 quod

377 1324 613 1386 committendum
637 1342 696 1385 non
721 1323 778 1384 fuit
803 1327 834 1384 et
862 1326 960 1385 oculos
986 1326 1022 1384 ad
1047 1324 1227 1385 idololatriae
1248 1327 1443 1400 spectaculum
1464 1342 1516 1401 per

375 1426 527 1486 libibinom
542 1426 639 1485 duxit:
655 1442 743 1486 ansus
757 1442 853 1485 secum
868 1428 1000 1486 sanctum
1014 1427 1045 1485 in
1059 1426 1181 1500 lupanar
1191 1427 1303 1500 ducere,
1319 1428 1344 1487 si
1360 1427 1511 1501 potuisset,
1521 1446 1549 1488 ιο

376 1528 427 1603 qni
448 1527 591 1588 festinans
611 1528 648 1586 ad
669 1527 866 1602 spectaculum
890 1527 1028 1588 dimissus
1048 1545 1064 1587 e
1087 1527 1227 1588 dominico
1248 1530 1278 1588 et
1298 1531 1393 1588 adhuc
1414 1545 1517 1603 gerens

376 1645 473 1690 secum
497 1631 533 1688 nt
557 1629 663 1688 assolet
688 1627 892 1688 eucharistiam
925 1629 1001 1689 inter
1026 1646 1144 1702 corpora
1169 1630 1310 1690 obscoena
1333 1631 1516 1690 meretricum

375 1728 485 1789 Christi
510 1732 643 1789 sanctum
669 1746 771 1801 cerpus
796 1729 922 1789 infidelis
948 1731 1005 1789 iste
1025 1731 1205 1789 circumtulit
1229 1728 1297 1803 plns
1322 1731 1516 1791 damnationis

381 1831 502 1891 meritus
516 1832 551 1892 de
565 1831 668 1891 itinere
683 1848 768 1904 quam
783 1831 818 1891 de
833 1830 989 1904 spectaculi
1003 1831 1162 1905 uoluptate.

346 1939 367 1997 6
424 1933 480 1994 Sed
508 1936 542 1994 ut
570 1934 608 1993 ad
644 1949 744 1993 scenae
771 1933 829 1991 iam
859 1933 935 1993 seles
968 1934 1174 1994 inuerecundos
1210 1932 1365 1992 transitum
1401 1932 1551 2004 memma

374 2035 464 2110 pudet
496 2033 602 2095 referre
623 2035 705 2109 'quae
735 2036 887 2107 dicuntur,
922 2035 1012 2109 pudet
1040 2035 1127 2094 etiam
1156 2051 1291 2095 accusare
1319 2051 1392 2109 quae
1422 2035 1514 2107 fiunt,

372 2139 608 2210 argumentorum
642 2137 793 2209 strophas,
829 2137 1023 2197 adulterorum
1052 2135 1202 2208 fallaciae,
1236 2136 1388 2195 mulierum
1417 2137 1513 2211 impu·

373 2238 504 2309 dicities‚
540 2237 676 2298 scurriles
710 2237 800 2310 iocos,
833 2238 976 2312 parasitos
1012 2237 1161 2310 sordidos,
1196 2236 1275 2311 ipsos
1313 2254 1425 2312 quoque
1460 2254 1514 2311 pa·

372 2343 434 2400 tres
462 2339 590 2398 familias
611 2341 727 2412 togatos
748 2341 830 2399 modo
857 2340 988 2411 stupidos
1016 2341 1099 2399 modo
1120 2340 1289 2409 obscoenos,
1319 2340 1350 2398 in
1380 2338 1513 2399 omnibus

373 2440 511 2511 stolidos,
547 2440 635 2498 certis
663 2439 827 2499 nominibus
862 2441 1075 2499 inuerecundos.
1110 2443 1140 2500 et
1168 2457 1233 2498 eum
1261 2438 1336 2498 nulli
1364 2439 1547 2505 hominum„

372 2544 425 2602 aut
458 2539 557 2615 generi
591 2543 643 2599 ant
671 2522 906 2614 professioni'ab
940 2541 1078 2614 improbis
1112 2541 1169 2599 isto
1204 2556 1333 2600 sermone
1366 2543 1511 2613 parcatur,

373 2643 410 2702 ab
435 2641 567 2703 omnibus
592 2645 689 2703 tamen
715 2643 752 2701 ad
777 2641 970 2716 spectaculum
1002 2641 1180 2702 conuenitur.
1214 2657 1361 2702 commune
1387 2641 1510 2701 dedecus

373 2744 499 2806 delectat
532 2743 667 2804 uidelicet
698 2745 745 2804 uel
779 2759 979 2817 recognoscere
1011 2742 1070 2803 otia
1101 2744 1148 2802 uel
1177 2742 1295 2802 discere.
1331 2743 1511 2802 concurritur

442 2951 458 3005 1
475 2949 602 3018 turpiter]
620 2950 700 3016 turpe
716 2950 745 3002 at
761 2948 804 3002 Ζι
940 2947 1153 3016 ignominiosum
1170 2947 1209 3011 Z,
1226 2963 1281 3002 non
1298 2947 1420 3001 ociosum
1436 2961 1472 3016 ra

371 3035 497 3092 aeorum
514 3048 646 3103 equumr
719 3034 737 3088 3
754 3033 826 3088 hunc
842 3033 932 3088 lorum
948 3049 994 3103 νμ,
1012 3033 1158 3102 spectaculi
1176 3048 1236 3086 cum
1254 3032 1296 3087 Zo
1369 3031 1510 3100 parantes]

373 3120 463 3190 partos
480 3134 518 3187 ra
628 3117 649 3174 4
666 3133 791 3187 perrogas
808 3133 853 3188 ra,
871 3133 1027 3187 praerogem
1046 3118 1073 3171 Ζ
1183 3116 1241 3187 ιιι]
1259 3118 1291 3171 ut
1308 3117 1351 3172 Zv
1465 3117 1508 3170 in·

372 3203 478 3259 felicius
498 3204 541 3259 Zo
616 3202 720 3272 siscit]
739 3203 778 3257 sit
794 3206 822 3258 et
839 3205 906 3257 scire
918 3203 960 3258 Zo
1034 3203 1122 3272 quern]
1141 3202 1214 3272 quod
1231 3202 1275 3257 Za
1343 3217 1478 3256 rursumo

373 3304 514 3358 prorogem
530 3305 576 3356 ιμ,
592 3303 746 3357 praerogem
764 3287 807 3342 Zo
900 3288 918 3342 ι’)
935 3287 1013 3356 illud]
1032 3286 1142 3355 aliquod
1159 3289 1186 3341 Z
1275 3286 1421 3354 spectaculi
1439 3301 1474 3354 rp

369 3374 530 3442 lupe-nerum
548 3374 602 3441 Ζμ,
619 3373 744 3442 luparum
756 3388 789 3427 en
857 3373 874 3426 6
890 3373 972 3442 prim
988 3388 1035 3440 per
1053 3387 1104 3425 om.
1124 3372 1151 3425 Ζ
1217 3370 1348 3426 lubricam
1366 3372 1399 3437 Ζ,
1417 3369 1510 3439 publi-

370 3474 430 3520 cam
447 3478 509 3528 rpa,
526 3459 648 3513 urbicam
664 3458 730 3525 sort.
833 3458 868 3513 10
884 3474 964 3512 ausus
983 3461 1025 3510 est
1042 3458 1069 3511 Ζ
1170 3458 1303 3526 sanctum]
1322 3443 1382 3526 epm
1395 3442 1451 3511 scm
1462 3473 1508 3524 ιμ,

369 3542 467 3598 christi
485 3559 580 3613 corpus
598 3542 671 3611 quod
688 3545 729 3596 ιιι
745 3525 801 3596 s‘cm
818 3542 844 3594 Z
952 3543 1123 3609 lupanarium
1141 3560 1161 3608 μ
1266 3542 1298 3594 11
1316 3542 1447 3596 demiesm
1463 3556 1510 3609 ra,

369 3627 471 3683 amisso
484 3625 607 3697 Z;‘post
619 3625 1164 3694 dimmsustacuaapaceoacmmamue:
1178 3626 1313 3680 Iratiatw
1381 3626 1510 3688 ιοιι.Ζ;

369 3711 537 3768 edominico
554 3729 641 3769 orno
709 3714 746 3783 et]
764 3712 868 3766 ueniret
885 3711 970 3765 etiam
989 3712 1016 3765 Ζ
1153 3712 1352 3766 mutuaret
1374 3727 1428 3766 om.
1447 3712 1474 3765 Ζ

370 3797 835 3867 13christi...circumom.rpo
915 3794 1216 3865 nonnumquam
1234 3812 1286 3851 coa
1304 3813 1358 3866 rao
1437 3810 1511 3864 spec·

369 3883 465 3952 taculi]
484 3881 582 3936 itinere
598 3881 665 3937 cdd.
682 3881 709 3936 Ζ
828 3880 862 3934 15
879 3879 915 3935 ad
932 3896 968 3936 sc.
986 3880 1041 3934 iam
1060 3881 1129 3935 sales
1146 3897 1192 3952 ιμ,
1210 3880 1243 3936 de
1260 3881 1312 3935 boc
1329 3897 1365 3936 sc
1383 3880 1510 3948 inquina-

370 3970 463 4020 mento
480 3967 524 4021 Zo
602 3966 780 4021 inuerecundo
797 3966 853 4019 iam
871 3966 914 4019 Zo
1000 3967 1033 4018 l‘l
1052 3968 1281 4036 argumentorum]
1301 3967 1476 4035 agentiumo

368 4050 404 4106 19
421 4052 450 4105 ιι
466 4053 575 4119 togatos
593 4052 621 4104 Ζ
705 4051 816 4105 obsenos
835 4055 876 4120 μ’,
894 4050 1011 4104 scenicos
1030 4051 1057 4104 Ζ
1142 4051 1180 4106 20
1196 4052 1276 4105 certis
1293 4049 1447 4105 nominibus
1463 4066 1511 4119 ιμ,

368 4137 400 4192 in
418 4136 542 4190 omuibus
559 4136 603 4190 Ζι
729 4137 763 4191 21
781 4135 817 4190 ab
834 4150 886 4190 coa
903 4136 931 4189 Ζ
1062 4135 1245 4205 improborum
1263 4135 1378 4191 istorum
1396 4136 1439 4190 Ζι

367 4221 405 4276 23
422 4220 550 4276 uidelicet
566 4235 615 4292 ιιι,
635 4221 726 4276 uidere
743 4223 784 4276 Ζι
911 4221 968 4276 otia
985 4221 1043 4291 ιμ’,
1060 4220 1131 4275 uitia
1149 4221 1229 4293 Zp²e
1247 4221 1265 4279 1.
