<?xml version="1.0" encoding="UTF-8"?>
<!DOCTYPE html PUBLIC "-//W3C//DTD XHTML 1.0 Transitional//EN"
    "http://www.w3.org/TR/xhtml1/DTD/xhtml1-transitional.dtd">
<html xmlns="http://www.w3.org/1999/xhtml" xml:lang="en" lang="en">
 <head>
  <title>
</title>
<meta http-equiv="Content-Type" content="text/html;charset=utf-8" />
  <meta name='ocr-system' content='tesseract 3.04.00' />
  <meta name='ocr-capabilities' content='ocr_page ocr_carea ocr_par ocr_line ocrx_word'/>
</head>
<body>
  <div class='ocr_page' id='page_1' title='image "./sthascicaecilic00cyprgoog_0018.png"; bbox 0 0 3720 4920; ppageno 0'>
   <div class='ocr_carea' id='block_1_1' title="bbox 1443 363 1495 411">
    <p class='ocr_par' dir='ltr' id='par_1_1' title="bbox 1443 363 1495 411">
     <span class='ocr_line' id='line_1_1' title="bbox 1443 363 1495 411; baseline 0 0"><span class='ocrx_word' id='word_1_1' title='bbox 1443 363 1495 411; x_wconf 86' lang='lat' dir='ltr'>vn</span> 
     </span>
    </p>
   </div>
   <div class='ocr_carea' id='block_1_2' title="bbox 327 496 1495 2794">
    <p class='ocr_par' dir='ltr' id='par_1_2' title="bbox 327 496 1495 2794">
     <span class='ocr_line' id='line_1_2' title="bbox 353 496 1495 584; baseline 0.003 -21"><span class='ocrx_word' id='word_1_2' title='bbox 353 499 557 584; x_wconf 74' lang='lat' dir='ltr'>dignoscitur.</span> <span class='ocrx_word' id='word_1_3' title='bbox 584 516 656 564; x_wconf 90' lang='lat' dir='ltr'>cum</span> <span class='ocrx_word' id='word_1_4' title='bbox 676 516 713 562; x_wconf 88' lang='lat' dir='ltr'>ex</span> <span class='ocrx_word' id='word_1_5' title='bbox 735 497 851 562; x_wconf 73' lang='lat' dir='ltr'>rodida</span> <span class='ocrx_word' id='word_1_6' title='bbox 874 496 1067 581; x_wconf 86' lang='lat' dir='ltr'>Segoieriani</span> <span class='ocrx_word' id='word_1_7' title='bbox 1092 498 1259 581; x_wconf 86' lang='lat' dir='ltr'>archetypo</span> <span class='ocrx_word' id='word_1_8' title='bbox 1282 497 1366 565; x_wconf 83' lang='lat' dir='ltr'>inter</span> <span class='ocrx_word' id='word_1_9' title='bbox 1388 515 1495 566; x_wconf 90' lang='lat' dir='ltr'>omnes</span> 
     </span>
     <span class='ocr_line' id='line_1_3' title="bbox 354 608 1495 694; baseline 0.002 -19"><span class='ocrx_word' id='word_1_10' title='bbox 354 628 431 694; x_wconf 88' lang='lat' dir='ltr'>quos</span> <span class='ocrx_word' id='word_1_11' title='bbox 445 609 509 676; x_wconf 90' lang='lat' dir='ltr'>soie</span> <span class='ocrx_word' id='word_1_12' title='bbox 525 609 623 675; x_wconf 86' lang='lat' dir='ltr'>libros</span> <span class='ocrx_word' id='word_1_13' title='bbox 637 609 745 675; x_wconf 88' lang='lat' dir='ltr'>nullus</span> <span class='ocrx_word' id='word_1_14' title='bbox 759 608 895 688; x_wconf 81' lang='lat' dir='ltr'>fluxerit,</span> <span class='ocrx_word' id='word_1_15' title='bbox 918 609 1007 675; x_wconf 90' lang='lat' dir='ltr'>cuius</span> <span class='ocrx_word' id='word_1_16' title='bbox 1023 608 1211 674; x_wconf 86' lang='lat' dir='ltr'>lectionibus</span> <span class='ocrx_word' id='word_1_17' title='bbox 1226 608 1303 692; x_wconf 89' lang='lat' dir='ltr'>quid</span> <span class='ocrx_word' id='word_1_18' title='bbox 1318 608 1428 676; x_wconf 85' lang='lat' dir='ltr'>fraude</span> <span class='ocrx_word' id='word_1_19' title='bbox 1443 611 1495 677; x_wconf 90' lang='lat' dir='ltr'>uel</span> 
     </span>
     <span class='ocr_line' id='line_1_4' title="bbox 352 720 1495 803; baseline 0.001 -16"><span class='ocrx_word' id='word_1_20' title='bbox 352 739 453 787; x_wconf 88' lang='lat' dir='ltr'>errore</span> <span class='ocrx_word' id='word_1_21' title='bbox 480 720 514 785; x_wconf 91' lang='lat' dir='ltr'>in</span> <span class='ocrx_word' id='word_1_22' title='bbox 535 720 630 785; x_wconf 88' lang='lat' dir='ltr'>illum</span> <span class='ocrx_word' id='word_1_23' title='bbox 655 720 724 784; x_wconf 89' lang='lat' dir='ltr'>tam</span> <span class='ocrx_word' id='word_1_24' title='bbox 748 720 949 803; x_wconf 81' lang='lat' dir='ltr'>neglegenter</span> <span class='ocrx_word' id='word_1_25' title='bbox 970 720 1163 803; x_wconf 88' lang='lat' dir='ltr'>descriptum</span> <span class='ocrx_word' id='word_1_26' title='bbox 1186 720 1354 802; x_wconf 89' lang='lat' dir='ltr'>inrepserit</span> <span class='ocrx_word' id='word_1_27' title='bbox 1378 722 1495 788; x_wconf 88' lang='lat' dir='ltr'>certius</span> 
     </span>
     <span class='ocr_line' id='line_1_5' title="bbox 355 829 1494 916; baseline -0.001 -19"><span class='ocrx_word' id='word_1_28' title='bbox 355 831 570 916; x_wconf 78' lang='lat' dir='ltr'>intellegatur,</span> <span class='ocrx_word' id='word_1_29' title='bbox 596 830 649 896; x_wconf 88' lang='lat' dir='ltr'>hic</span> <span class='ocrx_word' id='word_1_30' title='bbox 672 829 741 896; x_wconf 89' lang='lat' dir='ltr'>illio</span> <span class='ocrx_word' id='word_1_31' title='bbox 763 831 797 896; x_wconf 91' lang='lat' dir='ltr'>in</span> <span class='ocrx_word' id='word_1_32' title='bbox 819 829 1021 896; x_wconf 87' lang='lat' dir='ltr'>diiudicanda</span> <span class='ocrx_word' id='word_1_33' title='bbox 1044 830 1179 896; x_wconf 87' lang='lat' dir='ltr'>lectione</span> <span class='ocrx_word' id='word_1_34' title='bbox 1205 830 1374 897; x_wconf 80' lang='lat' dir='ltr'>oscitanter</span> <span class='ocrx_word' id='word_1_35' title='bbox 1397 831 1494 911; x_wconf 83' lang='lat' dir='ltr'>haesi,</span> 
     </span>
     <span class='ocr_line' id='line_1_6' title="bbox 354 940 1494 1025; baseline 0.001 -19"><span class='ocrx_word' id='word_1_36' title='bbox 354 942 506 1008; x_wconf 91' lang='lat' dir='ltr'>nonnulla</span> <span class='ocrx_word' id='word_1_37' title='bbox 516 959 595 1025; x_wconf 88' lang='lat' dir='ltr'>quae</span> <span class='ocrx_word' id='word_1_38' title='bbox 606 940 640 1006; x_wconf 92' lang='lat' dir='ltr'>in</span> <span class='ocrx_word' id='word_1_39' title='bbox 653 942 776 1006; x_wconf 85' lang='lat' dir='ltr'>textum</span> <span class='ocrx_word' id='word_1_40' title='bbox 787 941 923 1022; x_wconf 90' lang='lat' dir='ltr'>recipere</span> <span class='ocrx_word' id='word_1_41' title='bbox 938 940 1088 1007; x_wconf 78' lang='lat' dir='ltr'>debebam</span> <span class='ocrx_word' id='word_1_42' title='bbox 1104 941 1206 1007; x_wconf 89' lang='lat' dir='ltr'>reieci.</span> <span class='ocrx_word' id='word_1_43' title='bbox 1224 961 1320 1024; x_wconf 89' lang='lat' dir='ltr'>quare</span> <span class='ocrx_word' id='word_1_44' title='bbox 1335 943 1494 1008; x_wconf 86' lang='lat' dir='ltr'>occasione</span> 
     </span>
     <span class='ocr_line' id='line_1_7' title="bbox 353 1050 1494 1138; baseline 0.002 -22"><span class='ocrx_word' id='word_1_45' title='bbox 353 1052 459 1118; x_wconf 84' lang='lat' dir='ltr'>oblata</span> <span class='ocrx_word' id='word_1_46' title='bbox 480 1051 628 1138; x_wconf 77' lang='lat' dir='ltr'>gramora</span> <span class='ocrx_word' id='word_1_47' title='bbox 646 1051 742 1117; x_wconf 90' lang='lat' dir='ltr'>liceat</span> <span class='ocrx_word' id='word_1_48' title='bbox 762 1050 947 1117; x_wconf 86' lang='lat' dir='ltr'>retractare:</span> <span class='ocrx_word' id='word_1_49' title='bbox 968 1071 1038 1137; x_wconf 87' lang='lat' dir='ltr'>pag.</span> <span class='ocrx_word' id='word_1_50' title='bbox 1057 1052 1174 1132; x_wconf 88' lang='grc'><strong>190,12</strong></span> <span class='ocrx_word' id='word_1_51' title='bbox 1190 1051 1294 1119; x_wconf 88' lang='lat' dir='ltr'>nescio</span> <span class='ocrx_word' id='word_1_52' title='bbox 1310 1071 1351 1118; x_wconf 85' lang='lat' dir='ltr'>an</span> <span class='ocrx_word' id='word_1_53' title='bbox 1365 1053 1494 1118; x_wconf 90' lang='lat' dir='ltr'>unicum</span> 
     </span>
     <span class='ocr_line' id='line_1_8' title="bbox 351 1161 1492 1246; baseline -0.002 -17"><span class='ocrx_word' id='word_1_54' title='bbox 351 1162 547 1230; x_wconf 89' lang='lat' dir='ltr'>obsoletioris</span> <span class='ocrx_word' id='word_1_55' title='bbox 573 1163 692 1228; x_wconf 84' lang='lat' dir='ltr'>formae</span> <span class='ocrx_word' id='word_1_56' title='bbox 717 1164 894 1246; x_wconf 89' lang='lat' dir='ltr'>exemplum</span> <span class='ocrx_word' id='word_1_57' title='bbox 919 1161 940 1228; x_wconf 90' lang='lat' dir='ltr'>S</span> <span class='ocrx_word' id='word_1_58' title='bbox 965 1165 1048 1229; x_wconf 90' lang='lat' dir='ltr'>recte</span> <span class='ocrx_word' id='word_1_59' title='bbox 1074 1163 1210 1229; x_wconf 82' lang='lat' dir='ltr'>seruerit</span> <span class='ocrx_word' id='word_1_60' title='bbox 1234 1163 1269 1227; x_wconf 93' lang='lat' dir='ltr'>in</span> <span class='ocrx_word' id='word_1_61' title='bbox 1293 1162 1345 1227; x_wconf 91' lang='lat' dir='ltr'>his</span> <span class='ocrx_word' id='word_1_62' title='bbox 1370 1162 1492 1228; x_wconf 83' lang='lat' dir='ltr'>uerbis:</span> 
     </span>
     <span class='ocr_line' id='line_1_9' title="bbox 350 1272 1493 1358; baseline -0.001 -18"><span class='ocrx_word' id='word_1_63' title='bbox 350 1274 387 1340; x_wconf 80' lang='lat' dir='ltr'>ti</span> <span class='ocrx_word' id='word_1_64' title='bbox 400 1279 476 1341; x_wconf 73' lang='lat' dir='ltr'>scoot</span> <span class='ocrx_word' id='word_1_65' title='bbox 491 1275 548 1357; x_wconf 74' lang='lat' dir='ltr'>qui</span> <span class='ocrx_word' id='word_1_66' title='bbox 562 1277 712 1340; x_wconf 72' lang='lat' dir='ltr'>socuctw</span> <span class='ocrx_word' id='word_1_67' title='bbox 726 1293 849 1358; x_wconf 69' lang='lat' dir='ltr'>oporam</span> <span class='ocrx_word' id='word_1_68' title='bbox 863 1293 1010 1357; x_wconf 79' lang='lat' dir='ltr'>quoque</span> <span class='ocrx_word' id='word_1_69' title='bbox 1030 1273 1113 1341; x_wconf 71' lang='lat' dir='ltr'>ierit.</span> <span class='ocrx_word' id='word_1_70' title='bbox 1135 1293 1210 1340; x_wconf 84' lang='lat' dir='ltr'>nem</span> <span class='ocrx_word' id='word_1_71' title='bbox 1232 1293 1305 1340; x_wconf 88' lang='lat' dir='ltr'>cum</span> <span class='ocrx_word' id='word_1_72' title='bbox 1320 1272 1493 1358; x_wconf 77' lang='lat' dir='ltr'>Cyprianus</span> 
     </span>
     <span class='ocr_line' id='line_1_10' title="bbox 349 1384 1493 1470; baseline -0.002 -18"><span class='ocrx_word' id='word_1_73' title='bbox 349 1387 382 1452; x_wconf 82' lang='lat' dir='ltr'>et</span> <span class='ocrx_word' id='word_1_74' title='bbox 391 1386 478 1452; x_wconf 86' lang='lat' dir='ltr'>Itala</span> <span class='ocrx_word' id='word_1_75' title='bbox 492 1405 571 1468; x_wconf 91' lang='lat' dir='ltr'>quae</span> <span class='ocrx_word' id='word_1_76' title='bbox 587 1385 703 1451; x_wconf 88' lang='lat' dir='ltr'>dicitur</span> <span class='ocrx_word' id='word_1_77' title='bbox 717 1387 810 1452; x_wconf 87' lang='lat' dir='ltr'>uetus</span> <span class='ocrx_word' id='word_1_78' title='bbox 824 1387 955 1467; x_wconf 73' lang='lat' dir='ltr'>quisque</span> <span class='ocrx_word' id='word_1_79' title='bbox 965 1405 1020 1470; x_wconf 93' lang='lat' dir='ltr'>pro</span> <span class='ocrx_word' id='word_1_80' title='bbox 1032 1387 1177 1466; x_wconf 60' lang='lat' dir='ltr'>compute</span> <span class='ocrx_word' id='word_1_81' title='bbox 1191 1387 1308 1468; x_wconf 91' lang='lat' dir='ltr'>ubique</span> <span class='ocrx_word' id='word_1_82' title='bbox 1323 1384 1388 1452; x_wconf 83' lang='lat' dir='ltr'>fere</span> <span class='ocrx_word' id='word_1_83' title='bbox 1402 1406 1493 1451; x_wconf 89' lang='lat' dir='ltr'>usur-</span> 
     </span>
     <span class='ocr_line' id='line_1_11' title="bbox 347 1495 1492 1581; baseline 0 -20"><span class='ocrx_word' id='word_1_84' title='bbox 347 1497 629 1580; x_wconf 73' lang='lat' dir='ltr'>pentiuepistulis</span> <span class='ocrx_word' id='word_1_85' title='bbox 638 1517 669 1580; x_wconf 92' lang='lat' dir='ltr'>p.</span> <span class='ocrx_word' id='word_1_86' title='bbox 680 1495 1237 1581; x_wconf 68' lang='lat' dir='ltr'>73‘1‚11qotqoeproqoicomqoe(cl.</span> <span class='ocrx_word' id='word_1_87' title='bbox 1246 1497 1329 1579; x_wconf 85' lang='lat' dir='ltr'>App.</span> <span class='ocrx_word' id='word_1_88' title='bbox 1338 1516 1369 1580; x_wconf 94' lang='lat' dir='ltr'>p.</span> <span class='ocrx_word' id='word_1_89' title='bbox 1379 1497 1492 1576; x_wconf 82' lang='lat'>30,15;</span> 
     </span>
     <span class='ocr_line' id='line_1_12' title="bbox 347 1605 1493 1693; baseline -0.002 -19"><span class='ocrx_word' id='word_1_90' title='bbox 347 1606 460 1693; x_wconf 80' lang='lat'>55,10)</span> <span class='ocrx_word' id='word_1_91' title='bbox 483 1607 515 1671; x_wconf 92' lang='lat' dir='ltr'>et</span> <span class='ocrx_word' id='word_1_92' title='bbox 536 1606 619 1689; x_wconf 90' lang='lat' dir='ltr'>apud</span> <span class='ocrx_word' id='word_1_93' title='bbox 642 1605 790 1690; x_wconf 78' lang='lat' dir='ltr'>Cypriani</span> <span class='ocrx_word' id='word_1_94' title='bbox 809 1606 1003 1673; x_wconf 87' lang='lat' dir='ltr'>imitatorem</span> <span class='ocrx_word' id='word_1_95' title='bbox 1021 1608 1103 1690; x_wconf 81' lang='lat' dir='ltr'>App.</span> <span class='ocrx_word' id='word_1_96' title='bbox 1126 1626 1157 1690; x_wconf 90' lang='lat' dir='ltr'>p.</span> <span class='ocrx_word' id='word_1_97' title='bbox 1181 1606 1254 1685; x_wconf 79' lang='grc'>14,7</span> <span class='ocrx_word' id='word_1_98' title='bbox 1277 1626 1416 1687; x_wconf 76' lang='lat' dir='ltr'>quaeque</span> <span class='ocrx_word' id='word_1_99' title='bbox 1437 1624 1493 1690; x_wconf 93' lang='lat' dir='ltr'>pro</span> 
     </span>
     <span class='ocr_line' id='line_1_13' title="bbox 327 1692 1494 1800; baseline 0 -20"><span class='ocrx_word' id='word_1_100' title='bbox 327 1707 331 1714; x_wconf 79' lang='grc'><strong>’</strong></span> <span class='ocrx_word' id='word_1_101' title='bbox 347 1735 559 1800; x_wconf 68' lang='lat' dir='ltr'>cumamque</span> <span class='ocrx_word' id='word_1_102' title='bbox 573 1719 726 1796; x_wconf 83' lang='lat' dir='ltr'>occurrat,</span> <span class='ocrx_word' id='word_1_103' title='bbox 741 1692 869 1782; x_wconf 84' lang='lat' dir='ltr'>uidetur</span> <span class='ocrx_word' id='word_1_104' title='bbox 882 1717 979 1782; x_wconf 86' lang='lat' dir='ltr'>etiam</span> <span class='ocrx_word' id='word_1_105' title='bbox 994 1716 1057 1782; x_wconf 93' lang='lat' dir='ltr'>dici</span> <span class='ocrx_word' id='word_1_106' title='bbox 1070 1716 1211 1799; x_wconf 92' lang='lat' dir='ltr'>potuisse</span> <span class='ocrx_word' id='word_1_107' title='bbox 1222 1735 1340 1798; x_wconf 78' lang='lat' dir='ltr'>qaoque</span> <span class='ocrx_word' id='word_1_108' title='bbox 1350 1733 1407 1799; x_wconf 88' lang='lat' dir='ltr'>pro</span> <span class='ocrx_word' id='word_1_109' title='bbox 1418 1735 1494 1798; x_wconf 81' lang='lat' dir='ltr'>quo-</span> 
     </span>
     <span class='ocr_line' id='line_1_14' title="bbox 347 1827 1492 1911; baseline -0.003 -16"><span class='ocrx_word' id='word_1_110' title='bbox 347 1827 560 1910; x_wconf 76' lang='lat' dir='ltr'>camque;sed</span> <span class='ocrx_word' id='word_1_111' title='bbox 571 1827 604 1892; x_wconf 94' lang='lat' dir='ltr'>in</span> <span class='ocrx_word' id='word_1_112' title='bbox 615 1829 706 1894; x_wconf 88' lang='lat' dir='ltr'>tanta</span> <span class='ocrx_word' id='word_1_113' title='bbox 717 1827 1158 1911; x_wconf 81' lang='lat' dir='ltr'>depmuationieprocliuitate</span> <span class='ocrx_word' id='word_1_114' title='bbox 1169 1827 1287 1909; x_wconf 88' lang='lat' dir='ltr'>quanta</span> <span class='ocrx_word' id='word_1_115' title='bbox 1296 1827 1492 1893; x_wconf 87' lang='lat' dir='ltr'>estinuoca·</span> 
     </span>
     <span class='ocr_line' id='line_1_15' title="bbox 345 1923 1494 2022; baseline -0.001 -18"><span class='ocrx_word' id='word_1_116' title='bbox 345 1939 422 2004; x_wconf 93' lang='lat' dir='ltr'>bulo</span> <span class='ocrx_word' id='word_1_117' title='bbox 448 1923 679 2014; x_wconf 79' lang='lat' dir='ltr'>QVOQVVQ.</span> <span class='ocrx_word' id='word_1_118' title='bbox 701 1937 783 2002; x_wconf 91' lang='lat' dir='ltr'>nihil</span> <span class='ocrx_word' id='word_1_119' title='bbox 804 1938 942 2003; x_wconf 91' lang='lat' dir='ltr'>decerno.</span> <span class='ocrx_word' id='word_1_120' title='bbox 961 1974 1004 1984; x_wconf 93' lang='lat'>—</span> <span class='ocrx_word' id='word_1_121' title='bbox 1018 1957 1089 2022; x_wconf 85' lang='lat' dir='ltr'>pag.</span> <span class='ocrx_word' id='word_1_122' title='bbox 1114 1937 1231 2017; x_wconf 81' lang='lat'>190‚15</span> <span class='ocrx_word' id='word_1_123' title='bbox 1253 1937 1424 2022; x_wconf 90' lang='lat' dir='ltr'>genuinum</span> <span class='ocrx_word' id='word_1_124' title='bbox 1445 1940 1494 2003; x_wconf 90' lang='lat' dir='ltr'>est</span> 
     </span>
     <span class='ocr_line' id='line_1_16' title="bbox 347 2047 1493 2133; baseline -0.002 -18"><span class='ocrx_word' id='word_1_125' title='bbox 347 2049 430 2133; x_wconf 88' lang='lat' dir='ltr'>quod</span> <span class='ocrx_word' id='word_1_126' title='bbox 445 2047 467 2116; x_wconf 82' lang='lat' dir='ltr'>S</span> <span class='ocrx_word' id='word_1_127' title='bbox 482 2049 620 2115; x_wconf 88' lang='lat' dir='ltr'>exhibet:</span> <span class='ocrx_word' id='word_1_128' title='bbox 636 2049 675 2112; x_wconf 78' lang='lat' dir='ltr'>in</span> <span class='ocrx_word' id='word_1_129' title='bbox 689 2048 861 2130; x_wconf 77' lang='lat' dir='ltr'>scripturis</span> <span class='ocrx_word' id='word_1_130' title='bbox 873 2049 1023 2130; x_wconf 79' lang='lat' dir='ltr'>fereper</span> <span class='ocrx_word' id='word_1_131' title='bbox 1037 2049 1169 2112; x_wconf 81' lang='lat' dir='ltr'>omnia</span> <span class='ocrx_word' id='word_1_132' title='bbox 1184 2048 1218 2132; x_wconf 85' lang='lat' dir='ltr'>(i.</span> <span class='ocrx_word' id='word_1_133' title='bbox 1235 2067 1262 2113; x_wconf 93' lang='lat' dir='ltr'>e.</span> <span class='ocrx_word' id='word_1_134' title='bbox 1278 2048 1402 2129; x_wconf 76' lang='lat' dir='ltr'>ubique,</span> <span class='ocrx_word' id='word_1_135' title='bbox 1417 2049 1493 2114; x_wconf 93' lang='lat' dir='ltr'>reli-</span> 
     </span>
     <span class='ocr_line' id='line_1_17' title="bbox 349 2158 1494 2244; baseline -0.001 -19"><span class='ocrx_word' id='word_1_136' title='bbox 349 2161 403 2243; x_wconf 89' lang='lat' dir='ltr'>qui</span> <span class='ocrx_word' id='word_1_137' title='bbox 417 2159 494 2225; x_wconf 86' lang='lat' dir='ltr'>libri</span> <span class='ocrx_word' id='word_1_138' title='bbox 509 2159 665 2244; x_wconf 78' lang='lat' dir='ltr'>ommbcs)</span> <span class='ocrx_word' id='word_1_139' title='bbox 687 2159 731 2223; x_wconf 83' lang='lat' dir='ltr'>od</span> <span class='ocrx_word' id='word_1_140' title='bbox 740 2159 975 2240; x_wconf 80' lang='lat' dir='ltr'>protoplastum</span> <span class='ocrx_word' id='word_1_141' title='bbox 989 2159 1065 2224; x_wconf 78' lang='lat' dir='ltr'>deus</span> <span class='ocrx_word' id='word_1_142' title='bbox 1080 2159 1230 2240; x_wconf 80' lang='lat' dir='ltr'>loquitur.</span> <span class='ocrx_word' id='word_1_143' title='bbox 1253 2158 1301 2223; x_wconf 90' lang='lat' dir='ltr'>sic</span> <span class='ocrx_word' id='word_1_144' title='bbox 1315 2159 1398 2223; x_wconf 89' lang='lat' dir='ltr'>enim</span> <span class='ocrx_word' id='word_1_145' title='bbox 1414 2159 1494 2224; x_wconf 90' lang='lat' dir='ltr'>dicit</span> 
     </span>
     <span class='ocr_line' id='line_1_18' title="bbox 348 2267 1494 2354; baseline -0.002 -19"><span class='ocrx_word' id='word_1_146' title='bbox 348 2268 521 2354; x_wconf 75' lang='lat' dir='ltr'>Cyprianus</span> <span class='ocrx_word' id='word_1_147' title='bbox 542 2290 572 2353; x_wconf 93' lang='lat' dir='ltr'>p.</span> <span class='ocrx_word' id='word_1_148' title='bbox 589 2270 709 2349; x_wconf 67' lang='grc'><strong>27624</strong></span> <span class='ocrx_word' id='word_1_149' title='bbox 724 2289 787 2350; x_wconf 75' lang='lat' dir='ltr'>per</span> <span class='ocrx_word' id='word_1_150' title='bbox 807 2270 916 2334; x_wconf 69' lang='lat' dir='ltr'>cornia</span> <span class='ocrx_word' id='word_1_151' title='bbox 936 2270 1069 2350; x_wconf 78' lang='lat' dir='ltr'>obsequi,</span> <span class='ocrx_word' id='word_1_152' title='bbox 1092 2269 1213 2347; x_wconf 60' lang='lat' dir='ltr'>eaelo</span> <span class='ocrx_word' id='word_1_153' title='bbox 1227 2288 1290 2350; x_wconf 78' lang='lat' dir='ltr'>per</span> <span class='ocrx_word' id='word_1_154' title='bbox 1309 2267 1420 2333; x_wconf 80' lang='lat' dir='ltr'>omnia</span> <span class='ocrx_word' id='word_1_155' title='bbox 1437 2268 1494 2333; x_wconf 81' lang='lat' dir='ltr'>deo</span> 
     </span>
     <span class='ocr_line' id='line_1_19' title="bbox 342 2378 1491 2461; baseline -0.004 -15"><span class='ocrx_word' id='word_1_156' title='bbox 342 2379 481 2461; x_wconf 82' lang='lat' dir='ltr'>placere,</span> <span class='ocrx_word' id='word_1_157' title='bbox 507 2381 604 2460; x_wconf 60' lang='lat'>6443</span> <span class='ocrx_word' id='word_1_158' title='bbox 625 2399 684 2460; x_wconf 81' lang='lat' dir='ltr'>per</span> <span class='ocrx_word' id='word_1_159' title='bbox 704 2379 816 2443; x_wconf 76' lang='lat' dir='ltr'>cronio</span> <span class='ocrx_word' id='word_1_160' title='bbox 838 2379 1012 2460; x_wconf 73' lang='lat' dir='ltr'>acqualiter</span> <span class='ocrx_word' id='word_1_161' title='bbox 1033 2379 1187 2444; x_wconf 64' lang='lat' dir='ltr'>dedicore.</span> <span class='ocrx_word' id='word_1_162' title='bbox 1211 2379 1251 2443; x_wconf 84' lang='lat' dir='ltr'>ei.</span> <span class='ocrx_word' id='word_1_163' title='bbox 1267 2378 1307 2442; x_wconf 89' lang='lat' dir='ltr'>A.</span> <span class='ocrx_word' id='word_1_164' title='bbox 1326 2378 1432 2455; x_wconf 80' lang='lat'>14‚11.</span> <span class='ocrx_word' id='word_1_165' title='bbox 1451 2411 1491 2425; x_wconf 89' lang='lat'>-</span> 
     </span>
     <span class='ocr_line' id='line_1_20' title="bbox 348 2487 1492 2576; baseline -0.003 -20"><span class='ocrx_word' id='word_1_166' title='bbox 348 2510 421 2576; x_wconf 89' lang='lat' dir='ltr'>pag.</span> <span class='ocrx_word' id='word_1_167' title='bbox 439 2490 545 2570; x_wconf 78' lang='lat'>200,7‚</span> <span class='ocrx_word' id='word_1_168' title='bbox 561 2492 599 2555; x_wconf 88' lang='lat' dir='ltr'>ut</span> <span class='ocrx_word' id='word_1_169' title='bbox 613 2489 648 2555; x_wconf 91' lang='lat' dir='ltr'>in</span> <span class='ocrx_word' id='word_1_170' title='bbox 661 2491 843 2556; x_wconf 87' lang='lat' dir='ltr'>transcursu</span> <span class='ocrx_word' id='word_1_171' title='bbox 858 2509 1011 2570; x_wconf 83' lang='lat' dir='ltr'>moneam,</span> <span class='ocrx_word' id='word_1_172' title='bbox 1034 2489 1150 2555; x_wconf 88' lang='lat' dir='ltr'>rectius</span> <span class='ocrx_word' id='word_1_173' title='bbox 1165 2488 1236 2554; x_wconf 77' lang='lat' dir='ltr'>illis</span> <span class='ocrx_word' id='word_1_174' title='bbox 1250 2489 1284 2553; x_wconf 93' lang='lat' dir='ltr'>in</span> <span class='ocrx_word' id='word_1_175' title='bbox 1299 2487 1370 2553; x_wconf 70' lang='lat' dir='ltr'>illic</span> <span class='ocrx_word' id='word_1_176' title='bbox 1385 2488 1492 2552; x_wconf 91' lang='lat' dir='ltr'>muta·</span> 
     </span>
     <span class='ocr_line' id='line_1_21' title="bbox 350 2598 1492 2685; baseline -0.004 -19"><span class='ocrx_word' id='word_1_177' title='bbox 350 2603 403 2667; x_wconf 89' lang='lat' dir='ltr'>tur</span> <span class='ocrx_word' id='word_1_178' title='bbox 418 2619 514 2683; x_wconf 86' lang='lat' dir='ltr'>quam</span> <span class='ocrx_word' id='word_1_179' title='bbox 530 2620 602 2666; x_wconf 88' lang='lat' dir='ltr'>eum</span> <span class='ocrx_word' id='word_1_180' title='bbox 618 2599 750 2683; x_wconf 89' lang='lat' dir='ltr'>uulgata</span> <span class='ocrx_word' id='word_1_181' title='bbox 764 2598 819 2663; x_wconf 82' lang='lat' dir='ltr'>illi</span> <span class='ocrx_word' id='word_1_182' title='bbox 833 2601 951 2685; x_wconf 88' lang='lat' dir='ltr'>legitur</span> <span class='ocrx_word' id='word_1_183' title='bbox 961 2600 996 2664; x_wconf 91' lang='lat' dir='ltr'>in</span> <span class='ocrx_word' id='word_1_184' title='bbox 1006 2600 1127 2665; x_wconf 89' lang='lat' dir='ltr'>uerbis:</span> <span class='ocrx_word' id='word_1_185' title='bbox 1143 2600 1216 2679; x_wconf 76' lang='lat' dir='ltr'>guis</span> <span class='ocrx_word' id='word_1_186' title='bbox 1228 2598 1299 2664; x_wconf 79' lang='lat' dir='ltr'>illic</span> <span class='ocrx_word' id='word_1_187' title='bbox 1312 2598 1351 2661; x_wconf 81' lang='lat' dir='ltr'>ira</span> <span class='ocrx_word' id='word_1_188' title='bbox 1365 2599 1492 2680; x_wconf 74' lang='lat' dir='ltr'>nuptiis</span> 
     </span>
     <span class='ocr_line' id='line_1_22' title="bbox 349 2708 1491 2794; baseline -0.003 -18"><span class='ocrx_word' id='word_1_189' title='bbox 349 2709 436 2775; x_wconf 75' lang='lat' dir='ltr'>locos</span> <span class='ocrx_word' id='word_1_190' title='bbox 450 2714 503 2776; x_wconf 84' lang='lat' dir='ltr'>est.</span> <span class='ocrx_word' id='word_1_191' title='bbox 520 2710 601 2793; x_wconf 90' lang='lat' dir='ltr'>quod</span> <span class='ocrx_word' id='word_1_192' title='bbox 615 2729 654 2774; x_wconf 94' lang='lat' dir='ltr'>ne</span> <span class='ocrx_word' id='word_1_193' title='bbox 669 2710 835 2792; x_wconf 81' lang='lat' dir='ltr'>displiceat</span> <span class='ocrx_word' id='word_1_194' title='bbox 848 2709 968 2776; x_wconf 82' lang='lat' dir='ltr'>faciunt</span> <span class='ocrx_word' id='word_1_195' title='bbox 982 2711 1101 2775; x_wconf 87' lang='lat' dir='ltr'>similia</span> <span class='ocrx_word' id='word_1_196' title='bbox 1115 2729 1187 2794; x_wconf 89' lang='lat' dir='ltr'>pag.</span> <span class='ocrx_word' id='word_1_197' title='bbox 1202 2709 1302 2786; x_wconf 63' lang='lat' dir='ltr'>leue</span> <span class='ocrx_word' id='word_1_198' title='bbox 1315 2708 1387 2774; x_wconf 75' lang='lat' dir='ltr'>illic</span> <span class='ocrx_word' id='word_1_199' title='bbox 1401 2709 1491 2790; x_wconf 75' lang='lat' dir='ltr'>opud</span> 
     </span>
    </p>
   </div>
   <div class='ocr_carea' id='block_1_3' title="bbox 347 2818 1600 2902">
    <p class='ocr_par' dir='ltr' id='par_1_3' title="bbox 347 2818 1600 2902">
     <span class='ocr_line' id='line_1_23' title="bbox 347 2818 1600 2902; baseline -0.002 -16"><span class='ocrx_word' id='word_1_200' title='bbox 347 2820 485 2898; x_wconf 75' lang='lat' dir='ltr'>clericos,</span> <span class='ocrx_word' id='word_1_201' title='bbox 505 2820 624 2899; x_wconf 80' lang='grc'><strong>515,17</strong></span> <span class='ocrx_word' id='word_1_202' title='bbox 645 2819 716 2886; x_wconf 77' lang='lat' dir='ltr'>illic</span> <span class='ocrx_word' id='word_1_203' title='bbox 734 2821 825 2902; x_wconf 72' lang='lat' dir='ltr'>optcd</span> <span class='ocrx_word' id='word_1_204' title='bbox 841 2839 897 2885; x_wconf 79' lang='lat' dir='ltr'>uos</span> <span class='ocrx_word' id='word_1_205' title='bbox 912 2822 1031 2898; x_wconf 70' lang='grc'><strong>63823</strong></span> <span class='ocrx_word' id='word_1_206' title='bbox 1045 2821 1117 2886; x_wconf 64' lang='lat' dir='ltr'>istic</span> <span class='ocrx_word' id='word_1_207' title='bbox 1131 2821 1169 2884; x_wconf 79' lang='lat' dir='ltr'>in</span> <span class='ocrx_word' id='word_1_208' title='bbox 1178 2818 1356 2901; x_wconf 76' lang='lat' dir='ltr'>prouincia</span> <span class='ocrx_word' id='word_1_209' title='bbox 1369 2823 1491 2898; x_wconf 80' lang='lat' dir='ltr'>nostro,</span> <span class='ocrx_word' id='word_1_210' title='bbox 1596 2893 1600 2901; x_wconf 29' lang='lat'>¹</span> 
     </span>
    </p>
   </div>
   <div class='ocr_carea' id='block_1_4' title="bbox 351 2930 1490 3011">
    <p class='ocr_par' dir='ltr' id='par_1_4' title="bbox 351 2930 1490 3011">
     <span class='ocr_line' id='line_1_24' title="bbox 351 2930 1490 3011; baseline -0.002 -14"><span class='ocrx_word' id='word_1_211' title='bbox 351 2931 449 3010; x_wconf 63' lang='lat' dir='ltr'>eleb</span> <span class='ocrx_word' id='word_1_212' title='bbox 470 2931 565 2996; x_wconf 70' lang='lat' dir='ltr'>illinc</span> <span class='ocrx_word' id='word_1_213' title='bbox 579 2931 620 2996; x_wconf 80' lang='lat' dir='ltr'>ab</span> <span class='ocrx_word' id='word_1_214' title='bbox 634 2931 719 3010; x_wconf 74' lang='lat' dir='ltr'>mbo,</span> <span class='ocrx_word' id='word_1_215' title='bbox 740 2932 838 3011; x_wconf 80' lang='lat'>618,4</span> <span class='ocrx_word' id='word_1_216' title='bbox 858 2931 951 2997; x_wconf 79' lang='lat' dir='ltr'>illinc</span> <span class='ocrx_word' id='word_1_217' title='bbox 966 2953 988 2995; x_wconf 89' lang='lat' dir='ltr'>a</span> <span class='ocrx_word' id='word_1_218' title='bbox 1002 2932 1101 3009; x_wconf 80' lang='lat' dir='ltr'>uobis,</span> <span class='ocrx_word' id='word_1_219' title='bbox 1122 2931 1241 3010; x_wconf 82' lang='lat'>364,18</span> <span class='ocrx_word' id='word_1_220' title='bbox 1256 2930 1353 2995; x_wconf 75' lang='lat' dir='ltr'>istim</span> <span class='ocrx_word' id='word_1_221' title='bbox 1367 2930 1406 2994; x_wconf 79' lang='lat' dir='ltr'>do</span> <span class='ocrx_word' id='word_1_222' title='bbox 1421 2949 1490 2995; x_wconf 80' lang='lat' dir='ltr'>eoc-</span> 
     </span>
    </p>
   </div>
   <div class='ocr_carea' id='block_1_5' title="bbox 242 3040 1491 3125">
    <p class='ocr_par' dir='ltr' id='par_1_5' title="bbox 242 3040 1491 3125">
     <span class='ocr_line' id='line_1_25' title="bbox 242 3040 1491 3125; baseline 0.002 -22"><span class='ocrx_word' id='word_1_223' title='bbox 242 3095 246 3103; x_wconf 92' lang='lat'>.</span> <span class='ocrx_word' id='word_1_224' title='bbox 347 3041 417 3107; x_wconf 73' lang='lat' dir='ltr'>crdo</span> <span class='ocrx_word' id='word_1_225' title='bbox 439 3042 499 3107; x_wconf 87' lang='lat' dir='ltr'>eto.</span> <span class='ocrx_word' id='word_1_226' title='bbox 527 3040 626 3107; x_wconf 93' lang='lat' dir='ltr'>simili</span> <span class='ocrx_word' id='word_1_227' title='bbox 649 3060 752 3108; x_wconf 92' lang='lat' dir='ltr'>errore</span> <span class='ocrx_word' id='word_1_228' title='bbox 773 3041 843 3106; x_wconf 81' lang='lat' dir='ltr'>illis</span> <span class='ocrx_word' id='word_1_229' title='bbox 864 3060 919 3123; x_wconf 94' lang='lat' dir='ltr'>pro</span> <span class='ocrx_word' id='word_1_230' title='bbox 940 3041 1010 3107; x_wconf 75' lang='lat' dir='ltr'>illic</span> <span class='ocrx_word' id='word_1_231' title='bbox 1032 3041 1194 3107; x_wconf 85' lang='lat' dir='ltr'>exhibetS</span> <span class='ocrx_word' id='word_1_232' title='bbox 1218 3060 1289 3125; x_wconf 88' lang='lat' dir='ltr'>pag.</span> <span class='ocrx_word' id='word_1_233' title='bbox 1315 3041 1434 3121; x_wconf 74' lang='lat'><strong>756318</strong></span> <span class='ocrx_word' id='word_1_234' title='bbox 1458 3043 1491 3106; x_wconf 91' lang='lat' dir='ltr'>et</span> 
     </span>
    </p>
   </div>
   <div class='ocr_carea' id='block_1_6' title="bbox 345 3150 1538 3789">
    <p class='ocr_par' dir='ltr' id='par_1_6' title="bbox 345 3150 1538 3789">
     <span class='ocr_line' id='line_1_26' title="bbox 347 3150 1538 3247; baseline 0 -31"><span class='ocrx_word' id='word_1_235' title='bbox 347 3151 462 3234; x_wconf 91' lang='lat' dir='ltr'>reliqui</span> <span class='ocrx_word' id='word_1_236' title='bbox 477 3153 611 3237; x_wconf 82' lang='lat' dir='ltr'>saepius</span> <span class='ocrx_word' id='word_1_237' title='bbox 623 3188 668 3201; x_wconf 84' lang='lat'>-·</span> <span class='ocrx_word' id='word_1_238' title='bbox 679 3172 751 3237; x_wconf 88' lang='lat' dir='ltr'>pag.</span> <span class='ocrx_word' id='word_1_239' title='bbox 768 3153 886 3229; x_wconf 76' lang='grc'><strong>20322</strong></span> <span class='ocrx_word' id='word_1_240' title='bbox 902 3155 934 3217; x_wconf 89' lang='lat' dir='ltr'>et</span> <span class='ocrx_word' id='word_1_241' title='bbox 947 3154 1065 3231; x_wconf 61' lang='lat' dir='ltr'>aeide</span> <span class='ocrx_word' id='word_1_242' title='bbox 1080 3170 1143 3217; x_wconf 89' lang='lat' dir='ltr'>non</span> <span class='ocrx_word' id='word_1_243' title='bbox 1157 3151 1309 3217; x_wconf 87' lang='lat' dir='ltr'>debebam</span> <span class='ocrx_word' id='word_1_244' title='bbox 1325 3170 1361 3215; x_wconf 87' lang='lat' dir='ltr'>ex</span> <span class='ocrx_word' id='word_1_245' title='bbox 1376 3150 1398 3216; x_wconf 86' lang='lat' dir='ltr'>S</span> <span class='ocrx_word' id='word_1_246' title='bbox 1413 3154 1491 3216; x_wconf 82' lang='lat' dir='ltr'>dum</span> <span class='ocrx_word' id='word_1_247' title='bbox 1537 3243 1538 3247; x_wconf 7' lang='grc' dir='ltr'><strong>Ἴ</strong></span> 
     </span>
     <span class='ocr_line' id='line_1_27' title="bbox 348 3262 1491 3346; baseline 0 -18"><span class='ocrx_word' id='word_1_248' title='bbox 348 3263 499 3346; x_wconf 82' lang='lat' dir='ltr'>recipere3</span> <span class='ocrx_word' id='word_1_249' title='bbox 522 3263 702 3346; x_wconf 87' lang='lat' dir='ltr'>saepissime</span> <span class='ocrx_word' id='word_1_250' title='bbox 723 3264 806 3329; x_wconf 90' lang='lat' dir='ltr'>enim</span> <span class='ocrx_word' id='word_1_251' title='bbox 823 3265 856 3328; x_wconf 91' lang='lat' dir='ltr'>in</span> <span class='ocrx_word' id='word_1_252' title='bbox 871 3281 906 3329; x_wconf 93' lang='lat' dir='ltr'>eo</span> <span class='ocrx_word' id='word_1_253' title='bbox 921 3263 998 3326; x_wconf 81' lang='lat' dir='ltr'>dum</span> <span class='ocrx_word' id='word_1_254' title='bbox 1014 3265 1046 3328; x_wconf 91' lang='lat' dir='ltr'>et</span> <span class='ocrx_word' id='word_1_255' title='bbox 1059 3283 1131 3328; x_wconf 79' lang='lat' dir='ltr'>com</span> <span class='ocrx_word' id='word_1_256' title='bbox 1150 3262 1386 3328; x_wconf 78' lang='lat' dir='ltr'>confunduntur</span> <span class='ocrx_word' id='word_1_257' title='bbox 1400 3264 1491 3328; x_wconf 89' lang='lat' dir='ltr'>uelut</span> 
     </span>
     <span class='ocr_line' id='line_1_28' title="bbox 345 3373 1490 3457; baseline -0.003 -18"><span class='ocrx_word' id='word_1_258' title='bbox 345 3391 377 3455; x_wconf 92' lang='lat' dir='ltr'>p.</span> <span class='ocrx_word' id='word_1_259' title='bbox 400 3374 515 3456; x_wconf 82' lang='grc'><strong>290,2;</strong></span> <span class='ocrx_word' id='word_1_260' title='bbox 541 3373 676 3452; x_wconf 83' lang='grc'><strong>211,19;</strong></span> <span class='ocrx_word' id='word_1_261' title='bbox 702 3373 815 3456; x_wconf 86' lang='grc'><strong>262,8;</strong></span> <span class='ocrx_word' id='word_1_262' title='bbox 843 3373 977 3451; x_wconf 81' lang='lat'>305‚26;</span> <span class='ocrx_word' id='word_1_263' title='bbox 1002 3373 1244 3457; x_wconf 85' lang='lat' dir='ltr'>411‚6-pag.</span> <span class='ocrx_word' id='word_1_264' title='bbox 1272 3373 1391 3450; x_wconf 82' lang='lat'>238‚24</span> <span class='ocrx_word' id='word_1_265' title='bbox 1417 3392 1490 3438; x_wconf 89' lang='lat' dir='ltr'>cum</span> 
     </span>
     <span class='ocr_line' id='line_1_29' title="bbox 347 3480 1490 3568; baseline 0 -21"><span class='ocrx_word' id='word_1_266' title='bbox 347 3482 417 3565; x_wconf 87' lang='lat' dir='ltr'>pari</span> <span class='ocrx_word' id='word_1_267' title='bbox 433 3482 587 3548; x_wconf 82' lang='lat' dir='ltr'>facilitate</span> <span class='ocrx_word' id='word_1_268' title='bbox 601 3483 699 3547; x_wconf 54' lang='lat' dir='ltr'>wem</span> <span class='ocrx_word' id='word_1_269' title='bbox 713 3483 871 3547; x_wconf 60' lang='lat' dir='ltr'>sontium</span> <span class='ocrx_word' id='word_1_270' title='bbox 884 3484 918 3548; x_wconf 92' lang='lat' dir='ltr'>in</span> <span class='ocrx_word' id='word_1_271' title='bbox 932 3483 1104 3548; x_wconf 60' lang='lat' dir='ltr'>isontium</span> <span class='ocrx_word' id='word_1_272' title='bbox 1119 3483 1154 3567; x_wconf 84' lang='lat' dir='ltr'>(i.</span> <span class='ocrx_word' id='word_1_273' title='bbox 1172 3503 1197 3548; x_wconf 94' lang='lat' dir='ltr'>e.</span> <span class='ocrx_word' id='word_1_274' title='bbox 1215 3480 1386 3568; x_wconf 67' lang='lat' dir='ltr'>muntium)</span> <span class='ocrx_word' id='word_1_275' title='bbox 1403 3482 1490 3547; x_wconf 91' lang='lat' dir='ltr'>abire</span> 
     </span>
     <span class='ocr_line' id='line_1_30' title="bbox 349 3591 1490 3677; baseline 0.001 -21"><span class='ocrx_word' id='word_1_276' title='bbox 349 3593 442 3675; x_wconf 82' lang='lat' dir='ltr'>atque</span> <span class='ocrx_word' id='word_1_277' title='bbox 468 3591 635 3656; x_wconf 61' lang='lat' dir='ltr'>boeotium</span> <span class='ocrx_word' id='word_1_278' title='bbox 648 3593 682 3657; x_wconf 92' lang='lat' dir='ltr'>in</span> <span class='ocrx_word' id='word_1_279' title='bbox 696 3593 794 3657; x_wconf 56' lang='lat' dir='ltr'>mom</span> <span class='ocrx_word' id='word_1_280' title='bbox 814 3594 970 3656; x_wconf 79' lang='lat' dir='ltr'>stantium</span> <span class='ocrx_word' id='word_1_281' title='bbox 990 3592 1105 3677; x_wconf 88' lang='lat' dir='ltr'>corrigi</span> <span class='ocrx_word' id='word_1_282' title='bbox 1126 3593 1275 3675; x_wconf 89' lang='lat' dir='ltr'>potnerit,</span> <span class='ocrx_word' id='word_1_283' title='bbox 1297 3591 1490 3674; x_wconf 88' lang='lat' dir='ltr'>Sscriptura</span> 
     </span>
     <span class='ocr_line' id='line_1_31' title="bbox 347 3702 1489 3789; baseline -0.003 -19"><span class='ocrx_word' id='word_1_284' title='bbox 347 3702 550 3787; x_wconf 80' lang='lat' dir='ltr'>praeferende</span> <span class='ocrx_word' id='word_1_285' title='bbox 570 3705 619 3768; x_wconf 91' lang='lat' dir='ltr'>est</span> <span class='ocrx_word' id='word_1_286' title='bbox 637 3721 716 3786; x_wconf 88' lang='lat' dir='ltr'>quae</span> <span class='ocrx_word' id='word_1_287' title='bbox 729 3705 870 3785; x_wconf 83' lang='lat' dir='ltr'>proximo</span> <span class='ocrx_word' id='word_1_288' title='bbox 886 3704 969 3770; x_wconf 77' lang='lat' dir='ltr'>borco</span> <span class='ocrx_word' id='word_1_289' title='bbox 985 3705 1230 3771; x_wconf 85' lang='lat' dir='ltr'>commendetur.</span> <span class='ocrx_word' id='word_1_290' title='bbox 1250 3746 1287 3757; x_wconf 97' lang='lat'>-</span> <span class='ocrx_word' id='word_1_291' title='bbox 1304 3723 1374 3789; x_wconf 85' lang='lat' dir='ltr'>pag.</span> <span class='ocrx_word' id='word_1_292' title='bbox 1392 3703 1489 3782; x_wconf 85' lang='grc'><strong>256,9</strong></span> 
     </span>
    </p>
   </div>
   <div class='ocr_carea' id='block_1_7' title="bbox 225 3811 1489 3897">
    <p class='ocr_par' dir='ltr' id='par_1_7' title="bbox 225 3811 1489 3897">
     <span class='ocr_line' id='line_1_32' title="bbox 225 3811 1489 3897; baseline 0 -19"><span class='ocrx_word' id='word_1_293' title='bbox 225 3831 228 3836; x_wconf 89' lang='lat'>·</span> <span class='ocrx_word' id='word_1_294' title='bbox 349 3811 382 3878; x_wconf 92' lang='lat' dir='ltr'>in</span> <span class='ocrx_word' id='word_1_295' title='bbox 409 3813 577 3879; x_wconf 87' lang='lat' dir='ltr'>uerborum</span> <span class='ocrx_word' id='word_1_296' title='bbox 606 3814 760 3897; x_wconf 87' lang='lat' dir='ltr'>positione</span> <span class='ocrx_word' id='word_1_297' title='bbox 786 3818 814 3878; x_wconf 78' lang='lat' dir='ltr'>et</span> <span class='ocrx_word' id='word_1_298' title='bbox 840 3816 896 3895; x_wconf 80' lang='lat' dir='ltr'>qui</span> <span class='ocrx_word' id='word_1_299' title='bbox 925 3814 1012 3880; x_wconf 72' lang='lat' dir='ltr'>alicae</span> <span class='ocrx_word' id='word_1_300' title='bbox 1037 3814 1161 3894; x_wconf 79' lang='lat' dir='ltr'>etipse</span> <span class='ocrx_word' id='word_1_301' title='bbox 1189 3814 1381 3891; x_wconf 79' lang='lat' dir='ltr'>maculatos,</span> <span class='ocrx_word' id='word_1_302' title='bbox 1410 3832 1489 3896; x_wconf 88' lang='lat' dir='ltr'>quae</span> 
     </span>
    </p>
   </div>
   <div class='ocr_carea' id='block_1_8' title="bbox 348 3923 1490 4347">
    <p class='ocr_par' dir='ltr' id='par_1_8' title="bbox 348 3923 1490 4347">
     <span class='ocr_line' id='line_1_33' title="bbox 348 3923 1488 4007; baseline 0.001 -19"><span class='ocrx_word' id='word_1_303' title='bbox 348 3923 512 3989; x_wconf 85' lang='lat' dir='ltr'>Manutius</span> <span class='ocrx_word' id='word_1_304' title='bbox 526 3924 720 4007; x_wconf 86' lang='lat' dir='ltr'>transposuit</span> <span class='ocrx_word' id='word_1_305' title='bbox 734 3927 772 3990; x_wconf 89' lang='lat' dir='ltr'>ut</span> <span class='ocrx_word' id='word_1_306' title='bbox 783 3925 866 3990; x_wconf 93' lang='lat' dir='ltr'>edidi</span> <span class='ocrx_word' id='word_1_307' title='bbox 882 3930 909 3990; x_wconf 87' lang='lat' dir='ltr'>et</span> <span class='ocrx_word' id='word_1_308' title='bbox 925 3926 1013 3991; x_wconf 80' lang='lat' dir='ltr'>alios</span> <span class='ocrx_word' id='word_1_309' title='bbox 1027 3926 1095 4006; x_wconf 75' lang='lat' dir='ltr'>qui,</span> <span class='ocrx_word' id='word_1_310' title='bbox 1110 3926 1175 3990; x_wconf 93' lang='lat' dir='ltr'>iam</span> <span class='ocrx_word' id='word_1_311' title='bbox 1190 3942 1252 3990; x_wconf 91' lang='lat' dir='ltr'>non</span> <span class='ocrx_word' id='word_1_312' title='bbox 1267 3924 1398 4002; x_wconf 86' lang='lat' dir='ltr'>offendo,</span> <span class='ocrx_word' id='word_1_313' title='bbox 1415 3943 1488 3989; x_wconf 89' lang='lat' dir='ltr'>cum</span> 
     </span>
     <span class='ocr_line' id='line_1_34' title="bbox 348 4033 1490 4121; baseline -0.001 -20"><span class='ocrx_word' id='word_1_314' title='bbox 348 4033 454 4101; x_wconf 86' lang='lat' dir='ltr'>simile</span> <span class='ocrx_word' id='word_1_315' title='bbox 473 4034 597 4120; x_wconf 84' lang='lat' dir='ltr'>praesto</span> <span class='ocrx_word' id='word_1_316' title='bbox 614 4036 788 4121; x_wconf 81' lang='lat' dir='ltr'>eit284,11</span> <span class='ocrx_word' id='word_1_317' title='bbox 806 4042 833 4102; x_wconf 87' lang='lat' dir='ltr'>et</span> <span class='ocrx_word' id='word_1_318' title='bbox 848 4038 905 4119; x_wconf 79' lang='lat' dir='ltr'>qui</span> <span class='ocrx_word' id='word_1_319' title='bbox 919 4057 1038 4103; x_wconf 79' lang='lat' dir='ltr'>seruus.</span> <span class='ocrx_word' id='word_1_320' title='bbox 1057 4074 1098 4086; x_wconf 87' lang='lat'>-</span> <span class='ocrx_word' id='word_1_321' title='bbox 1112 4055 1185 4121; x_wconf 91' lang='lat' dir='ltr'>pag.</span> <span class='ocrx_word' id='word_1_322' title='bbox 1201 4036 1320 4118; x_wconf 81' lang='grc'><strong>263,17</strong></span> <span class='ocrx_word' id='word_1_323' title='bbox 1335 4055 1387 4101; x_wconf 93' lang='lat' dir='ltr'>me</span> <span class='ocrx_word' id='word_1_324' title='bbox 1400 4035 1490 4120; x_wconf 92' lang='lat' dir='ltr'>piget</span> 
     </span>
     <span class='ocr_line' id='line_1_35' title="bbox 348 4146 1488 4228; baseline -0.001 -16"><span class='ocrx_word' id='word_1_325' title='bbox 348 4165 453 4212; x_wconf 89' lang='lat' dir='ltr'>raram</span> <span class='ocrx_word' id='word_1_326' title='bbox 468 4146 604 4214; x_wconf 84' lang='lat' dir='ltr'>formam</span> <span class='ocrx_word' id='word_1_327' title='bbox 619 4148 722 4228; x_wconf 68' lang='lat' dir='ltr'>emtis,</span> <span class='ocrx_word' id='word_1_328' title='bbox 738 4148 826 4214; x_wconf 90' lang='lat' dir='ltr'>cuius</span> <span class='ocrx_word' id='word_1_329' title='bbox 842 4150 1023 4216; x_wconf 88' lang='lat' dir='ltr'>testimonia</span> <span class='ocrx_word' id='word_1_330' title='bbox 1036 4149 1188 4215; x_wconf 85' lang='lat' dir='ltr'>nonnulle</span> <span class='ocrx_word' id='word_1_331' title='bbox 1202 4147 1344 4214; x_wconf 86' lang='lat' dir='ltr'>Boensch</span> <span class='ocrx_word' id='word_1_332' title='bbox 1359 4149 1392 4212; x_wconf 94' lang='lat' dir='ltr'>in</span> <span class='ocrx_word' id='word_1_333' title='bbox 1407 4147 1488 4212; x_wconf 94' lang='lat' dir='ltr'>libro</span> 
     </span>
     <span class='ocr_line' id='line_1_36' title="bbox 349 4256 1490 4347; baseline 0.004 -24"><span class='ocrx_word' id='word_1_334' title='bbox 349 4256 440 4324; x_wconf 76' lang='lat' dir='ltr'>liuto</span> <span class='ocrx_word' id='word_1_335' title='bbox 461 4258 532 4325; x_wconf 77' lang='lat' dir='ltr'>ond</span> <span class='ocrx_word' id='word_1_336' title='bbox 555 4257 694 4344; x_wconf 72' lang='lat' dir='ltr'>Vulgata</span> <span class='ocrx_word' id='word_1_337' title='bbox 716 4260 866 4347; x_wconf 90' lang='lat' dir='ltr'>inscripto</span> <span class='ocrx_word' id='word_1_338' title='bbox 887 4280 956 4347; x_wconf 91' lang='lat' dir='ltr'>pag.</span> <span class='ocrx_word' id='word_1_339' title='bbox 973 4261 1039 4329; x_wconf 89' lang='grc'>292</span> <span class='ocrx_word' id='word_1_340' title='bbox 1059 4261 1226 4347; x_wconf 84' lang='lat' dir='ltr'>congessit,</span> <span class='ocrx_word' id='word_1_341' title='bbox 1247 4259 1398 4345; x_wconf 82' lang='lat' dir='ltr'>uolgatae</span> <span class='ocrx_word' id='word_1_342' title='bbox 1412 4260 1490 4327; x_wconf 80' lang='lat' dir='ltr'>scies</span> 
     </span>
    </p>
   </div>
   <div class='ocr_carea' id='block_1_9' title="bbox 0 0 1864 4920">
    <p class='ocr_par' dir='ltr' id='par_1_9' title="bbox 0 0 1864 4920">
     <span class='ocr_line' id='line_1_37' title="bbox 0 0 1864 4920; baseline 0 2"><span class='ocrx_word' id='word_1_343' title='bbox 0 0 1864 4920; x_wconf 95' lang='lat' dir='ltr'> </span> 
     </span>
    </p>
   </div>
  </div>
 </body>
</html>
