3720 4920
361 326 422 392 186
831 319 1014 391 Appendin

359 481 514 554 propter
541 494 641 551 quem
664 478 837 538 cbristus
858 481 1027 539 mortuus
1049 482 1117 538 ost.
1160 480 1190 538 ot
1216 479 1333 539 iterum:
1357 480 1486 540 bonum

359 583 418 642 est
438 597 507 640 nou
529 583 747 642 manducare
771 597 912 641 carnem
934 596 1050 654 neque
1078 580 1209 640 bibero
1231 581 1352 641 uinum
1373 598 1488 655 noque

359 687 395 744 in
417 700 487 758 quo
510 685 628 744 irater
650 687 737 743 tuus
765 682 932 742 offcudit
959 685 1023 742 aut
1044 681 1327 743 scandalizatur
1354 686 1415 743 aut
1435 684 1486 742 in·

358 787 545 847 firmatur.
568 789 598 845 st
612 785 668 845 olio
683 785 753 857 loco,
769 786 851 856 hoc,
869 785 979 859 inquit,
994 785 1160 844 iudicato
1175 784 1310 860 magis,
1325 801 1366 844 ne
1380 803 1486 861 pona·

358 889 409 948 tis
431 887 700 950 offendiculum
722 889 784 947 aut
806 887 1021 946 scandalum
1036 887 1159 946 fratri.
1175 890 1205 947 at
1220 888 1254 947 da
1267 886 1429 961 semetipso
1444 887 1508 946 sios

358 993 415 1054 ait:
439 994 591 1068 proptor
607 991 700 1062 quod
722 989 754 1049 si
776 989 882 1049 cibus
897 989 1129 1050 scandalizat
1144 989 1313 1061 fratrom,
1335 991 1402 1050 iam
1418 1008 1487 1050 non

358 1094 579 1155 manducabo
602 1109 743 1152 osrnam
777 1091 812 1149 in
834 1094 1041 1163 aeteruum,
1075 1106 1117 1150 ne
1153 1091 1306 1151 fratrom
1338 1093 1486 1152 scando·

359 1195 473 1255 lircm.
496 1212 560 1253 cum
574 1210 642 1267 orgo
656 1211 708 1253 nos
723 1193 820 1267 pulsat
834 1192 1042 1253 coniunctionis
1051 1193 1138 1252 huius
1149 1195 1281 1253 molestia
1294 1194 1486 1267 detestabilis,

358 1297 413 1357 etsi
439 1296 584 1356 adulteros
610 1313 666 1355 non
691 1296 786 1369 potest
811 1293 915 1366 tacere,
941 1293 1012 1354 tacit
1041 1298 1136 1355 umen
1156 1295 1272 1356 lcnonos
1295 1296 1434 1356 adulteris
1457 1297 1488 1356 et

359 1399 486 1458 incestis.
503 1399 567 1472 quis
582 1398 658 1457 onim
675 1397 795 1457 alterius
809 1397 902 1456 cordis
918 1400 1061 1456 scrutator
1076 1397 1245 1470 qualitatem
1260 1399 1480 1472 uniuscuiusque
1496 1412 1521 1451 ro

359 1501 517 1574 perpendat
531 1501 560 1558 ot
574 1517 626 1573 pro
637 1499 729 1559 altera
743 1515 862 1571 persona
873 1500 973 1558 contra
984 1501 1105 1558 satanan
1116 1503 1299 1573 repugnator,
1312 1499 1388 1559 circa
1396 1499 1485 1559 Deum

358 1620 425 1662 uaro
450 1602 569 1661 idoneus
589 1600 739 1660 fideiussor
760 1615 823 1660 osso
849 1603 1033 1672 praesumat?
1056 1600 1091 1660 da
1113 1604 1204 1660 semet
1225 1601 1289 1674 ipsc
1304 1601 1418 1666 domans
1432 1605 1486 1672 ost,

359 1703 409 1777 qui
425 1702 535 1777 aliquid
559 1702 721 1776 pollicetur,
747 1718 803 1760 non
818 1702 910 1762 dicam
934 1703 959 1760 si
985 1702 1071 1761 otiam
1098 1719 1149 1777 pro
1176 1702 1283 1762 iemins
1308 1703 1485 1776 sponsionem

358 1821 464 1880 ponere
478 1805 619 1876 uideatur,
643 1820 706 1864 cum
732 1803 840 1862 Paulus
855 1803 1001 1877 spostolus
1017 1803 1059 1863 sic
1083 1805 1118 1862 dc
1144 1819 1175 1862 se
1190 1805 1357 1876 pronuntiat
1372 1805 1484 1864 diceus:

357 1923 425 1966 non
448 1907 532 1980 quia
555 1905 622 1964 ism
644 1905 770 1978 accepi
792 1907 853 1963 aut
874 1904 943 1963 iam
966 1904 1203 1964 iustificatus
1231 1922 1306 1963 sum
1334 1909 1397 1964 aut
1418 1905 1522 1965 iamis

358 2007 557 2081 perfectus
580 2022 672 2079 sum,
695 2024 827 2080 sequor
848 2011 969 2065 autom
991 2007 1346 2079 siconprebendsm,
1368 2007 1487 2080 inquo

359 2112 394 2168 et
415 2108 697 2182 conprehensus
734 2125 807 2166 sum
838 2107 1036 2167 acbristo.
1071 2108 1226 2179 fratros,
1259 2124 1325 2181 ago
1346 2125 1397 2166 me
1418 2125 1487 2167 non

358 2211 527 2269 arbitror
548 2209 881 2284 comprehendisse
903 2209 1035 2269 adhuc:
1070 2227 1175 2268 unum
1199 2213 1331 2281 tamen,
1367 2212 1487 2282 poste·

359 2312 460 2370 riora
482 2312 625 2385 quidem
649 2310 897 2383 obliuiscans,
920 2311 955 2369 sd
978 2327 1126 2386 eaquae
1142 2315 1227 2369 sunt
1248 2312 1334 2370 anta
1355 2313 1487 2385 potans

356 2411 399 2470 ad
432 2413 597 2485 regulam
630 2430 762 2487 sequor
795 2414 838 2471 sd
871 2413 1023 2485 palmam
1053 2430 1235 2486 supernae
1267 2413 1522 2472 uocationissc

356 2513 499 2573 Domini
521 2513 645 2574 nostri
667 2515 750 2574 Iesu
771 2513 924 2574 curisti.
948 2514 1118 2588 quicumque
1134 2531 1201 2588 ergo
1227 2514 1348 2587 perfecti
1370 2532 1484 2588 sumus,

356 2616 410 2674 hoc
425 2616 591 2675 sentiamus.
621 2617 779 2686 etitcrum,
808 2616 915 2687 mihi,
949 2616 1060 2689 iuquit,
1094 2632 1157 2689 pro
1185 2616 1331 2674 minimo
1353 2619 1426 2688 est,
1446 2619 1485 2674 ut

355 2716 502 2775 euobis
524 2717 667 2776 iudicor
688 2721 750 2776 sut
772 2718 814 2775 ab
830 2718 1072 2776 humsuodie:
1089 2718 1149 2775 sod
1165 2732 1346 2790 nequemo
1363 2717 1481 2791 ipsum

355 2819 487 2878 iudico.
509 2819 571 2892 qui
594 2821 713 2877 autom
736 2836 787 2877 mo
809 2819 967 2890 iudicat,
990 2819 1164 2877 Dominus
1186 2822 1254 2878 est.
1279 2821 1308 2878 ot
1331 2818 1387 2877 alio
1409 2820 1481 2890 loco,

357 2919 497 2990 boatus,
521 2920 625 2993 inquit,
647 2920 709 2993 qui
731 2935 799 2977 nou
815 2919 1085 2979 iudicotsemet
1104 2919 1240 2993 ipsum,
1263 2921 1299 2978 in
1321 2937 1516 2992 quopross

355 3022 419 3080 bst
441 3020 563 3080 alium.
608 3021 739 3095 quamuis
762 3037 830 3093 orgo
852 3038 904 3080 uos
929 3038 981 3081 noc
1007 3023 1042 3079 do
1068 3025 1167 3081 nostra
1191 3022 1351 3081 stabilitate
1374 3024 1482 3081 certum

355 3122 465 3195 aliquid
488 3124 643 3182 habeamus
658 3123 783 3197 quisine
798 3123 954 3183 cassatione
968 3124 1146 3183 concutimur
1168 3123 1244 3181 inter
1258 3123 1362 3182 fluctus
1377 3123 1483 3183 saeculi

424 3383 438 3433 1
458 3380 534 3436 Rom.
555 3383 596 3445 14,
615 3383 656 3436 16.
840 3383 857 3435 4
875 3382 951 3436 Ram.
971 3383 1013 3449 14,
1032 3383 1072 3436 13.
1251 3382 1300 3436 61
1319 3381 1376 3436 Cor.
1394 3383 1420 3447 8,
1438 3383 1480 3436 13.

355 3467 388 3519 15
406 3465 476 3520 Phib
499 3466 526 3534 3,
545 3467 654 3520 12-14.
758 3467 823 3520 221
843 3467 901 3521 Cor.
919 3467 944 3529 4,
964 3468 989 3520 3.
1093 3468 1222 3522 25110111.
1243 3469 1284 3533 14,
1301 3468 1343 3521 22.

420 3686 483 3739 3111
502 3701 554 3752 quo
576 3687 605 3751 G,
625 3687 762 3740 ostendero
780 3687 808 3740 in
827 3703 912 3755 quoo
1034 3688 1213 3744 offenditurc
1334 3691 1479 3745 Giratrem

350 3786 474 3826 rusumo
553 3772 696 3826 olenonee
719 3774 747 3837 G,
766 3773 903 3840 paioroso
991 3773 1024 3827 10
1041 3775 1128 3828 cordis
1146 3775 1293 3832 alteriaco
1374 3778 1407 3830 13
1424 3794 1477 3831 nou

354 3856 397 3919 0¹,
415 3872 449 3910 nc
472 3856 537 3924 c’v,·
554 3856 591 3921 cs.
610 3874 669 3926 cap.
688 3861 723 3912 18
810 3859 843 3912 14
861 3860 1051 3927 pronuntioto
1137 3861 1221 3929 1611]
1240 3861 1263 3914 si
1282 3861 1446 3930 quomodoo

351 3941 382 3994 11
403 3957 445 3995 mc
463 3941 486 3996 0
502 3957 523 3996 s.
542 3943 559 3995 1.
577 3959 612 3996 m.
630 3947 649 3998 2
799 3945 832 3999 18
850 3944 1055 4015 adprehendisse
1077 3947 1100 4002 0
1254 3945 1342 4000 adbuc
1359 3962 1409 4001 om.
1427 3963 1444 4002 o

350 4028 383 4080 19
401 4030 494 4095 petens
513 4027 542 4090 C,
560 4027 673 4095 podsse
764 4030 798 4082 21
817 4030 923 4100 christi]
943 4031 1039 4084 chmsti
1058 4047 1153 4100 sequor
1175 4033 1199 4086 0
1283 4032 1317 4085 22
1335 4033 1362 4085 at
1380 4032 1476 4085 iterum

348 4114 369 4166 2
387 4112 464 4166 codd.
484 4112 609 4177 Baioarii,
628 4129 679 4167 osa.
701 4115 725 4167 0
822 4114 901 4169 2311.
920 4114 973 4184 dio]
991 4117 1109 4170 bumana
1127 4116 1179 4170 tide
1197 4117 1220 4172 0
1323 4117 1356 4170 24
1374 4116 1476 4170 iudicet

348 4212 426 4252 mco
528 4198 816 4254 scindebas
