3720 4920
372 357 512 405 nxxvm

342 539 344 544 -
370 491 546 574 palorilotc
567 489 758 567 clericorum
777 487 828 555 Dc
847 484 1049 554 cardinlebus
1068 487 1211 569 opcnbns
1232 486 1363 567 Clusini,
1387 489 1485 571 †Ad

373 600 508 683 Moysen
527 604 556 666 et
576 600 762 665 Maximum
779 604 809 664 ct
828 597 1129 678 massona-sacres
1149 598 1187 662 dc
1208 598 1303 664 laede
1320 601 1482 682 martyrii,

372 709 424 778 De
442 710 621 794 disciplina
639 715 669 777 cl
686 710 763 776 bono
784 708 948 792 pudicitie,
968 705 1025 771 Ad
1046 706 1270 774 Ncnctianscm
1293 707 1483 776 micam

372 821 455 904 qued
476 821 580 904 lapsis
600 840 670 904 spes
690 821 803 887 ueniae
823 816 1149 903 ssesscadenepcadcy
1175 819 1484 900 mammon,

374 931 483 1000 Samo
493 931 672 1017 Aepcstioi
681 932 720 996 dc
729 930 762 1000 S.
776 929 1077 1014 Cyprianmarlyrc.
1093 947 1129 995 es
1143 949 1223 1013 quas
1237 932 1326 1018 siguo
1340 934 1362 1014 †
1376 934 1482 998 notaui

372 1040 408 1107 in
429 1041 489 1108 beo
514 1042 651 1108 editione
676 1059 756 1107 noua
781 1041 863 1106 sunt
890 1037 1019 1125 eptulas
1042 1039 1094 1105 73.
1116 1039 1224 1107 7471
1250 1043 1282 1108 et
1303 1040 1483 1109 Sententiae

286 1233 291 1244 Ι
373 1151 588 1234 episcopocum
601 1152 750 1219 Erasmus
765 1171 801 1217 ex
822 1145 1094 1217 eodinllmbeisnsi
1109 1147 1162 1236 (0)
1177 1151 1301 1234 adiecit,
1324 1151 1357 1218 iu
1372 1169 1432 1235 quo
1447 1171 1484 1218 eu

375 1261 637 1345 deprauatissims
650 1263 725 1328 sunt
738 1264 771 1327 et
785 1262 895 1328 multis
908 1258 1008 1325 sennis
1022 1259 1147 1344 referta,
1168 1261 1215 1326 ita
1229 1263 1267 1328 ut
1281 1263 1318 1328 de
1333 1263 1383 1328 his
1398 1263 1482 1328 idem

375 1372 483 1440 ualeat
507 1373 592 1456 qnod
616 1373 655 1438 de
681 1371 815 1437 editione
839 1371 955 1438 Rom
979 1369 1129 1436 Erasmus
1155 1371 1236 1436 dixit
1261 1390 1294 1437 se
1319 1371 1377 1437 illa
1401 1373 1482 1438 nihil

375 1482 495 1550 uidisse
510 1482 720 1567 depranatius.
734 1480 878 1547 libellum
891 1498 906 1546 c
917 1477 1012 1545 londo
1025 1481 1177 1562 martyrii
1188 1502 1225 1548 ex
1237 1483 1340 1548 codice
1353 1483 1482 1550 alterius

377 1592 519 1659 familiae
539 1592 740 1677 deprompsit,
762 1591 817 1674 qui
830 1592 864 1656 in
878 1587 1045 1657 lbliotheoa
1058 1588 1278 1657 Gemblscsusi
1300 1595 1483 1660 assemaba·

376 1704 439 1769 tur.
463 1702 566 1769 eidem
587 1702 717 1768 fortusse
738 1702 856 1767 librum
877 1697 982 1765 ttium
997 1697 1052 1762 Ad
1069 1696 1243 1774 Quirinum
1265 1702 1370 1768 deberi
1390 1722 1483 1786 supra

376 1812 457 1878 dixi:
478 1814 602 1898 poterut
621 1814 654 1878 et
668 1813 773 1895 ipsum
793 1829 829 1876 ex
842 1807 952 1876 edions
966 1808 1187 1875 Dansntrienei
1211 1811 1344 1890 haurire,
1368 1831 1480 1897 exque

377 1922 499 2007 relique
518 1940 609 2006 opera
623 1923 730 2007 spuria
744 1940 822 2005 qnae
836 1917 907 1987 edio
920 1918 1061 1985 Romana
1074 1937 1136 1985 non
1149 1920 1284 1988 babebat
1298 1924 1481 2009 deprompta

377 2035 461 2100 sunt.
483 2033 598 2116 quibus
619 2032 776 2099 codicibus
795 2032 829 2096 iu
848 2028 1013 2096 enodando
1035 2031 1125 2128 semu
1148 2050 1224 2097 usus
1248 2033 1301 2112 sit,
1328 2053 1481 2118 nusquam

378 2142 465 2207 dieit.
491 2143 568 2225 quin
594 2160 667 2207 uero
689 2142 825 2207 codicem
845 2136 1032 2206 &baiensem
1048 2138 1102 2224 (c)
1125 2142 1159 2207 in
1178 2143 1385 2226 epistularum
1408 2147 1481 2211 crisi

377 2251 557 2318 adhibuerit
577 2251 714 2317 dubitari
735 2251 851 2333 nequit
864 2246 942 2312 nius
962 2265 1020 2331 ope
1040 2251 1199 2332 permulta
1212 2252 1325 2318 menda
1339 2253 1478 2333 sustulit,

377 2363 507 2428 lacunas
532 2361 701 2445 suppleuit,
727 2361 822 2426 etiam
848 2358 1075 2440 iterpolationes
1101 2360 1297 2443 exstirpauit
1326 2362 1381 2427 ssd
1406 2382 1478 2429 eum
1596 2424 1599 2430 .

377 2472 511 2538 alteram
535 2472 602 2537 eius
624 2490 752 2536 manum
776 2469 1012 2548 anxiepremeret
1035 2488 1129 2553 quam
1153 2469 1393 2539 audacissimam
1412 2492 1478 2540 esse

377 2581 479 2663 docui,
501 2581 568 2647 fieri
591 2599 653 2646 non
673 2581 778 2665 potuit
800 2581 851 2663 qui
868 2576 919 2641 hic
940 2577 1008 2643 illie
1030 2579 1127 2646 uerba
1146 2582 1249 2666 magis
1270 2586 1479 2668 corrumperet

377 2711 472 2776 quam
492 2693 682 2758 emendaret
708 2710 780 2757 eum
801 2692 878 2756 aum
898 2687 932 2752 in
952 2689 1095 2770 epistulis
1115 2690 1198 2755 hunc
1218 2692 1355 2757 sodiuem
1375 2695 1475 2758 solum

377 2802 558 2868 adhibuisse
571 2803 723 2885 pmbatur
734 2821 768 2867 eo
780 2798 998 2883 quoepistulas
1013 2817 1092 2881 quae
1103 2801 1227 2865 nonnisi
1240 2801 1370 2867 alterius
1382 2803 1476 2868 lami·

377 2911 441 2978 lies
460 2912 552 2978 libris
572 2911 768 2977 continentur
787 2907 976 2977 feraintactas
989 2910 1129 2992 reliquit
1153 2911 1319 2976 meliorum
1335 2914 1476 2979 codicum

378 3020 593 3086 adhibitorum
618 3020 734 3086 indicis
759 3039 815 3085 nec
834 3036 844 3079 ι
861 3009 1009 3098 'epistulis
1035 3035 1092 3082 nee
1117 3019 1150 3083 in
1172 3019 1292 3085 libellis
1317 3026 1476 3104 apparent.

377 3129 576 3197 llrasmiauas
591 3131 742 3197 editiones
756 3126 906 3212 saepsime
916 3127 1064 3211 repetitos
1075 3147 1256 3196 enumerare
1268 3151 1328 3198 non
1339 3151 1476 3214 possum,

377 3261 435 3308 nee
455 3242 483 3307 si
503 3243 621 3326 possim
639 3243 747 3307 uelim.
770 3240 876 3306 mnbm
896 3238 1000 3304 hercle
1020 3240 1104 3305 inter
1123 3259 1157 3305 sc
1171 3260 1233 3307 non
1254 3243 1402 3309 differunt
1421 3264 1478 3311 neo

378 3369 530 3418 nouorum
544 3353 687 3417 codicum
701 3349 1065 3431 subsidioonspicinutur,
1081 3352 1225 3432 quamuis
1240 3369 1354 3417 nouam
1365 3371 1476 3435 qaam-

378 3480 438 3544 que
466 3461 652 3544 bibliopolas
676 3460 823 3549 meieribt
838 3458 983 3524 laudibus
1009 3459 1140 3526 ederant
1166 3463 1197 3527 et
1223 3455 1270 3526 ‘ex
1295 3463 1473 3529 uetustissi-

254 3591 330 3636 suen
379 3589 502 3638 mamm
523 3572 664 3638 codicum
686 3570 820 3637 collatini
837 3559 1093 3653 repurgationem'
1116 3571 1232 3637 dicant.
1256 3572 1334 3638 duno
1351 3575 1475 3640 tantum

230 3660 357 3777 Ἓξ·
379 3683 492 3768 dignae
514 3685 588 3749 sunt
607 3702 685 3766 quae
699 3678 872 3762 nomintur,
894 3678 962 3745 diso
978 3698 1047 3745 eam
1061 3700 1140 3763 quae
1154 3701 1182 3746 a.
1201 3683 1285 3749 1530
1300 3702 1335 3748 ex
1350 3683 1475 3750 officina

378 3793 572 3860 Frobeniaua
600 3793 726 3876 prodiit,
757 3794 791 3859 in
811 3808 847 3855 aa
875 3791 914 3855 ad
941 3789 1088 3876 cypriani
1119 3809 1210 3876 opera
1239 3794 1369 3861 accessit
1398 3794 1476 3862 lber

378 3905 525 3988 opprime
533 3905 613 3986 pios
627 3904 671 3969 od
682 3902 862 3969 Fortunam
875 3900 913 3966 dc
926 3900 1050 3982 duplici
1066 3902 1230 3985 Martyris
1244 3907 1377 3972 aeneae
1390 3927 1475 3972 nun-

229 4023 358 4135 ὣ
378 4036 476 4099 quom
495 4034 634 4082 excuses.
660 4016 760 4081 ultera
782 4007 1005 4078 esOoloniensis
1028 4011 1062 4076 in
1086 4011 1211 4079 officina
1232 4014 1319 4079 Petri
1341 4016 1474 4097 Quentel

248 4161 340 4207 „m
379 4148 408 4195 a.
431 4127 516 4194 1544
540 4127 708 4210 impressa:
733 4122 775 4190 D.
794 4119 975 4204 (Cypriani
1000 4123 1154 4188 uniuersa
1176 4145 1257 4206 quac
1278 4126 1402 4206 quidem
1424 4149 1475 4193 sc-

379 4243 463 4305 store
477 4238 624 4305 sciuntur
638 4255 734 4320 opera
744 4232 960 4321 inmanissime
974 4252 1012 4299 ec
1027 4233 1236 4317 caelipatione
1249 4233 1324 4301 Des.
1339 4234 1475 4303 Erasmi
