3720 4920
815 285 979 341 Carmina.

520 446 612 503 Vnam
627 444 749 503 animam
763 448 881 518 proptor
895 445 1007 504 dederis
1021 461 1073 504 nec
1085 445 1224 517 sangmne
1238 445 1313 502 iusto

522 544 705 620 Respersiese
720 543 803 619 nelis,
818 545 845 604 si
859 546 901 606 sic
915 549 967 606 tua
982 546 1099 632 dature
1113 545 1201 605 ducit.

459 649 500 705 85
566 649 684 722 Iamque
699 647 762 708 illic
776 647 832 708 imo
849 649 978 709 exoriens
993 648 1135 724 egurgite
1151 651 1231 707 cetus

521 750 707 824 Squamosum
722 751 839 810 conchis
854 752 989 811 euoluens
1005 750 1130 824 corporis
1145 767 1257 824 agmen,

522 852 670 926 Vrguehat
683 852 800 926 propius
812 869 947 913 concusso
962 870 1100 913 marmore
1115 852 1230 925 fluctus,

522 954 627 1027 Sponte
643 954 688 1014 (lei
703 954 837 1028 praedam
852 955 976 1029 rapiens,
993 973 1077 1028 quam
1093 954 1198 1029 puppis
1213 956 1250 1014 ah
1265 971 1330 1016 arce

522 1056 737 1116 Prouolutatam
752 1056 860 1116 limosis
876 1056 1006 1116 faucibus
1022 1056 1129 1128 hausit,

461 1159 502 1217 90
522 1158 731 1232 Viuentemque
745 1160 845 1232 dapem
860 1159 974 1234 longam
989 1160 1155 1233 properauit
1169 1160 1199 1218 in
1214 1161 1321 1232 aluum,

524 1260 648 1334 Cumque
664 1261 725 1320 uiro
740 1260 812 1319 caeli
828 1261 936 1321 rabiem
950 1261 1103 1336 pelagique
1119 1262 1242 1321 norauit.

522 1361 665 1421 Sternitur
679 1361 809 1436 aequoris
824 1363 908 1435 unda,
924 1363 1079 1423 resoluitur
1093 1363 1220 1423 aetheris
1234 1363 1345 1423 umbra.

525 1463 602 1523 Hinc
616 1465 730 1535 fluctus,
745 1463 826 1523 illinc
840 1465 926 1523 flatus
942 1465 1103 1525 redduntur
1117 1464 1212 1537 amici

527 1566 714 1641 Securumque
728 1566 806 1625 uiam
820 1567 934 1641 placide
949 1566 1084 1640 signante
1100 1567 1199 1626 canna

464 1667 504 1724 95
527 1667 654 1726 Candida
668 1669 798 1727 caeruleo
813 1670 915 1727 florent
930 1667 1053 1742 uestigia
1067 1669 1155 1727 sulco.

525 1767 634 1826 Nauita
645 1768 826 1829 tumDomino
841 1765 939 1829 laetus*
950 1771 1110 1829 uenerando
1126 1769 1257 1828 timorem

528 1869 674 1929 Sacrificat
686 1873 795 1943 grates,
811 1874 871 1930 tum
887 1873 987 1944 portus
1002 1871 1092 1930 intrat
1106 1870 1223 1930 amicos.

527 1970 656 2046 Nauigat
671 1975 700 2031 et
715 1976 796 2032 nates
811 1973 868 2032 alio
883 1957 1036 2047 susceptus
1047 1975 1132 2033 Ionae

528 2072 652 2147 Nanigio
668 2073 827 2147 fluctusque
842 2078 921 2134 secat
936 2076 989 2135 sub
1004 2077 1138 2135 fluctibus
1153 2077 1228 2148 imis,

445 2175 508 2234 100
529 2174 646 2234 Viscera
660 2175 817 2248 uelificans,
833 2177 928 2237 anime
942 2177 1071 2251 spirante
1086 2178 1188 2250 ferina,

529 2277 685 2336 Conclusae
700 2294 791 2351 neque
805 2278 913 2338 tinctus
927 2279 1019 2353 aquis,
1035 2280 1122 2340 maris
1136 2280 1254 2340 intimus
1270 2283 1358 2353 exten

530 2380 611 2438 Inter
626 2397 749 2440 semesas
765 2381 873 2441 classes
888 2383 1068 2455 resolutaque
1083 2383 1161 2456 putri

529 2480 652 2553 Corpora
666 2481 791 2555 digestu,
807 2500 860 2541 sua
874 2483 930 2542 iarn
945 2483 1003 2542 iam
1017 2482 1119 2542 funera
1133 2483 1254 2543 discens.

532 2582 567 2639 In
582 2583 694 2656 signnm
709 2583 761 2648 sed
775 2583 851 2642 enim
865 2585 978 2644 Domini
994 2586 1163 2658 quandoque
1178 2584 1301 2655 futurus,

449 2683 509 2741 105
532 2683 596 2742 Non
611 2687 674 2743 erat
687 2684 784 2757 exitio,
800 2689 850 2745 sed
866 2687 965 2746 mortis
980 2687 1065 2746 testis
1081 2689 1209 2746 abactae.

413 2884 448 2937 83
465 2883 522 2953 nec]
540 2899 574 2937 ne
592 2884 656 2937 Iar.
768 2883 834 2936 insti
853 2883 914 2936 Iar.
1027 2881 1188 2951 85e1dov
1299 2886 1389 2937 metus
1407 2888 1432 2935 A

344 2968 379 3023 86
396 2984 411 3022 e
428 2968 535 3023 conchis
554 2970 677 3023 euoluere
695 2966 756 3021 lar.
842 2968 877 3022 87
894 2968 1016 3036 proprios
1034 2969 1095 3022 Iar.
1181 2967 1433 3038 88dei1sua1ur.

346 3054 461 3122 rapiens]
480 3053 585 3122 capiens
603 3055 650 3107 ael
667 3054 777 3121 captans
794 3052 900 3107 Mstller
1001 3053 1036 3107 89
1054 3068 1130 3121 porro
1148 3053 1299 3107 uolutatsm
1317 3057 1387 3121 (mox
1405 3057 1468 3122 osa)

347 3140 416 3196 corsa
435 3139 542 3193 Malles·
630 3134 690 3191 mox
707 3137 827 3192 faucibus
845 3141 895 3190 ΑΔ
982 3138 1018 3191 90
1034 3138 1233 3208 uiuentemque]
1251 3139 1388 3193 uiuentem
1406 3141 1435 3192 A

347 3226 510 3296 properauit]
528 3226 647 3295 percepit
666 3225 727 3279 Iar.
853 3225 887 3277 91
905 3225 963 3278 uiro
981 3241 1030 3278 osa
1050 3232 1075 3278 Δ
1197 3225 1232 3280 93
1249 3224 1390 3279 radiantur
1408 3228 1434 3279 A

348 3312 384 3367 95
400 3311 503 3367 ceruleo
521 3311 630 3365 florente
647 3312 675 3363 A
759 3310 793 3364 96
810 3313 908 3363 nautae
925 3312 983 3362 tum
1000 3309 1026 3362 rh
1045 3310 1111 3363 laeti
1129 3309 1201 3373 Iar„
1219 3313 1302 3363 nauta
1319 3313 1350 3363 at
1366 3315 1425 3365 tum
1443 3310 1470 3364 d.

348 3399 397 3453 leti
414 3398 510 3454 Ochter
605 3395 754 3450 uenerando
771 3396 866 3448 timore
879 3400 911 3457 Δ,
923 3394 990 3448 hene
1005 3393 1095 3448 reddit
1107 3395 1234 3448 honorem
1247 3397 1316 3448 coni.
1329 3396 1437 3449 Miller

348 3485 381 3539 91
401 3483 550 3538 sacrificant
567 3484 659 3553 grates
676 3481 745 3550 (tum
756 3480 907 3535 ...amicos
925 3479 986 3548 oar.)
1005 3479 1076 3543 Iar„
1093 3494 1169 3533 sacra
1187 3478 1254 3533 tacit
1279 3481 1374 3548 gratus
1399 3482 1470 3535 coni.

351 3571 458 3625 Mrtller
571 3571 606 3623 98
623 3568 690 3622 alios
708 3569 736 3620 A
849 3567 884 3619 99
901 3565 1098 3632 fluotnmqueo
1213 3564 1265 3618 100
1281 3566 1370 3618 anima
1386 3565 1471 3634 inspi-

350 3683 412 3736 rata
428 3697 446 3734 o
590 3678 640 3732 101
659 3692 743 3746 aquas
760 3678 788 3729 A
916 3674 1053 3729 102-103
1070 3690 1199 3728 semessas
1218 3681 1251 3738 Δ,
1269 3691 1392 3763 semesses
1410 3675 1438 3728 A

353 3758 459 3862 corpore
476 3796 501 3844 Δ
632 3789 687 3842 iam
704 3786 770 3855 iam]
786 3785 841 3839 iam
859 3788 917 3838 tum
935 3801 952 3839 o
1083 3785 1255 3852 resolutaque
1272 3801 1381 3854 corpora
1398 3787 1473 3854 putri

351 3864 475 3947 urgeas
493 3891 541 3928 sua
557 3875 612 3928 am
631 3874 710 3927 uerna
727 3898 740 3927 .
757 3871 851 3925 funera
868 3871 971 3924 onam
988 3871 1046 3924 ror.
1180 3871 1231 3924 104
1248 3872 1393 3939 insignium
1411 3870 1438 3923 A

354 3963 406 4018 105
422 3962 504 4016 exicio
521 3963 550 4015 A
663 3960 696 4013 fit
712 3960 774 4020 ΑΔ,
790 3956 870 4011 sedo
983 3972 1037 4010 non
1053 3957 1111 4009 erat
1129 3955 1221 4024 exitio,
1239 3956 1284 4010 sed
1302 3956 1368 4010 caeli
1387 3955 1475 4059 §¹2⁶⁸

353 4075 441 4131 factus
459 4073 521 4127 Iar.
540 4102 573 4111 —-
591 4071 631 4123 De
647 4069 712 4122 Iona
729 4068 891 4136 explicitum.
909 4066 972 4120 finit
988 4067 1025 4133 A,
1044 4065 1141 4119 Veram
1160 4065 1269 4128 explicit
1286 4066 1319 4120 cle
1334 4066 1399 4121 Iona
1417 4070 1474 4120 ter·

354 4164 454 4219 tuliani
472 4156 685 4227 eloquentissimi
703 4159 728 4207 A
746 4153 823 4215 (dicti
839 4168 860 4206 a.
879 4152 896 4205 l.
914 4168 949 4205 aa.
967 4153 1005 4216 2).
1023 4180 1057 4190 -

709 4316 913 4332 -n--d
