3720 4920
852 342 1036 412 Appendix.

544 869 638 966 XV.
671 868 743 966 DE
776 866 994 967 Pnsofln
1027 866 1331 967 courville.

885 1097 1006 1107 ——n

347 1281 363 1338 1
417 1262 514 1344 Multo
529 1285 643 1358 quidem
660 1300 715 1342 non
731 1283 841 1344 modico
856 1286 983 1358 tempore
998 1285 1075 1343 anxii
1085 1283 1207 1359 suimus
1223 1290 1253 1344 et
1268 1289 1435 1346 aestuantes
1450 1300 1506 1342 non

375 1385 405 1443 in
425 1386 621 1445 saecularibus
649 1386 751 1444 sedin
776 1386 885 1445 sanctis
906 1389 936 1444 et
962 1386 1066 1445 dirrinis
1092 1387 1243 1459 scripturis
1264 1389 1434 1461 quaerentes
1458 1387 1505 1445 iu·
1537 1427 1540 1432 ι

375 1487 483 1558 uenire,
509 1487 640 1561 quisnam
663 1490 741 1546 esset
768 1487 878 1560 primus
893 1487 954 1545 dies
969 1487 1036 1546 noui
1051 1487 1165 1557 mensis,
1192 1488 1222 1545 in
1237 1505 1293 1560 quo
1308 1504 1405 1547 mense
1419 1504 1506 1561 prae·

373 1591 486 1661 ceptum
502 1592 546 1649 est
561 1588 676 1647 Iudaeis
690 1590 720 1646 in
736 1590 868 1663 Aegypto
894 1605 945 1661 pro
961 1589 1047 1646 lIIIIl
1062 1590 1131 1647 luna
1145 1590 1289 1647 Immolete
1306 1590 1426 1649 Pascha.
1451 1589 1525 1649 ads

375 1689 440 1748 nuit
454 1689 551 1765 itaque
566 1691 765 1750 sanctissimus
781 1690 830 1763 qui
846 1690 875 1748 id
890 1689 980 1762 uidit,
996 1694 1024 1749 et
1040 1690 1208 1750 inuenimus.
1232 1691 1395 1750 inueuimus
1409 1695 1505 1751 autem

375 1808 427 1862 per
452 1790 544 1864 ipsius
567 1793 771 1866 omnipotentis
785 1791 839 1850 Dei
855 1792 948 1866 patris
963 1793 1128 1851 immensam
1143 1792 1302 1851 bonitatem
1318 1796 1348 1851 et
1363 1792 1506 1852 iustitiam

374 1897 404 1953 et
419 1893 528 1954 Christi
553 1894 607 1954 filii
622 1896 684 1955 eius
699 1895 814 1955 Domini
830 1898 858 1953 el
875 1893 928 1952 Dei
953 1893 1044 1953 nostri
1068 1893 1284 1967 incomparabili
1299 1894 1505 1966 misericordia,

375 1996 424 2069 qui
450 1999 568 2069 propter
593 2001 712 2069 peccata
739 1999 839 2055 nostra
864 1996 1019 2056 obaudiens
1045 2013 1096 2054 suo
1122 1996 1197 2067 patri
1224 1997 1356 2069 exposuit
1382 1996 1507 2055 animam

374 2114 470 2155 suam:
494 2115 558 2156 cum
584 2116 641 2172 qua
667 2114 821 2172 resurgens
848 2117 866 2157 a
892 2097 1011 2158 mortuis
1039 2098 1084 2157 die
1108 2099 1193 2157 terite
1218 2097 1365 2171 pollicitus
1392 2101 1437 2158 est
1460 2097 1544 2160 di·ro

375 2198 521 2257 scentibus
535 2199 595 2257 suis
611 2200 703 2258 uitam
718 2203 863 2259 aeternam
877 2202 906 2258 et
922 2200 1001 2258 dedit
1015 2198 1121 2279 pignus
1136 2199 1256 2272 spiritus
1272 2199 1366 2259 sancti
1381 2201 1505 2272 gratiam

374 2299 558 2360 credentibus
579 2301 609 2358 in
631 2301 763 2374 passione
787 2303 817 2360 et
843 2302 1050 2360 resurrectione
1076 2319 1136 2359 sua.
1160 2302 1190 2359 in
1214 2318 1269 2375 quo
1297 2302 1418 2374 spiritus
1445 2302 1506 2374 ipse

374 2400 513 2460 Dominus
528 2402 692 2461 uolentibus
707 2402 738 2460 id
753 2407 799 2461 est
814 2403 886 2462 totis
901 2403 968 2460 fidei
984 2403 1093 2462 uiribus
1109 2403 1313 2476 quaerentibus
1334 2405 1426 2462 seruis
1444 2404 1505 2461 suis

374 2503 486 2562 reuelat
499 2504 560 2562 alta
574 2504 711 2576 mysteria
726 2507 755 2562 et
771 2505 939 2564 manifestat
954 2505 1074 2565 obscura
1094 2510 1279 2564 sacramenta.
1303 2523 1337 2563 ac
1352 2508 1504 2578 propteroa

373 2605 523 2663 credentes
538 2608 568 2662 et
582 2623 633 2677 pro
655 2608 732 2666 certo
757 2607 882 2664 scientes
898 2607 966 2680 quia
981 2606 1053 2665 nihil
1069 2609 1191 2679 denegat
1207 2607 1294 2678 Deus,
1321 2608 1373 2665 sod
1388 2608 1502 2666 untcui·
1517 2627 1540 2666 rs

374 2722 429 2779 que
454 2706 563 2765 uolenti
586 2709 617 2765 et
639 2706 813 2766 desideranti
836 2710 965 2780 praestat
980 2707 1065 2766 sicuti
1086 2712 1116 2767 et
1137 2709 1214 2779 uult,
1243 2709 1437 2768 commisimus
1451 2727 1504 2769 ncs

375 2806 406 2864 in
432 2823 493 2865 rem
519 2811 578 2866 tam
605 2808 794 2868 laboriosam:
818 2809 848 2866 in
870 2826 927 2882 qua
948 2827 979 2868 re
994 2827 1049 2867 non
1065 2810 1195 2869 derelicti
1211 2811 1262 2868 sed
1278 2810 1376 2884 potius
1391 2811 1427 2868 ab
1442 2812 1505 2883 ipso

372 2908 431 2967 Deo
447 2907 579 2982 inspirati
595 2909 729 2969 uolumus
745 2911 908 2969 amantibus
923 2913 953 2970 et
968 2911 1169 2984 adpetentibus
1184 2912 1280 2971 studia
1296 2911 1394 2971 diuina
1410 2917 1506 2972 oston-

441 3191 550 3248 caecilii
574 3193 702 3261 Cypriani
728 3194 761 3246 dc
787 3194 887 3261 pascha
911 3202 1047 3262 compotus
1071 3196 1179 3248 inchoat
1197 3197 1221 3258 b,
1248 3195 1350 3264 Incipit
1374 3197 1505 3265 expositio
1559 3265 1560 3269 Ἰ

372 3278 483 3332 bissexti
505 3296 527 3333 e.
557 3279 667 3347 (litterss
697 3278 761 3332 UG
782 3278 817 3332 W
844 3279 1015 3333 coniecturas
1043 3279 1146 3333 Useerir'
1174 3282 1253 3334 Geloi
1283 3282 1405 3336 Wallr'ss'i
1435 3283 1504 3336 desi-

370 3366 480 3433 qnasi).
500 3394 530 3403 -
549 3365 567 3417 2
584 3365 687 3417 multae
704 3381 728 3428 c,
747 3364 828 3417 multi
851 3364 876 3418 G
998 3380 1050 3417 non
1068 3365 1170 3418 modico
1188 3383 1239 3419 ona
1257 3369 1311 3419 cG
1432 3368 1505 3420 arrrii

371 3448 472 3502 fuimus
490 3452 518 3503 et
543 3452 580 3515 W,
600 3465 644 3504 an.
663 3450 717 3502 xn
736 3452 764 3502 et
782 3451 805 3513 b,
824 3464 954 3503 annorum
973 3468 996 3514 c,
1014 3451 1184 3517 antiquorum
1207 3454 1229 3504 G
1358 3454 1463 3505 cesset
1481 3453 1504 3514 b,

371 3535 409 3587 sit
427 3551 470 3589 co
583 3535 601 3587 5
619 3534 722 3588 iudaeis
740 3551 791 3588 orn.
811 3535 826 3589 b
949 3552 965 3589 a
984 3538 1079 3604 quarto
1097 3535 1199 3589 decima
1217 3536 1281 3588 luna
1299 3537 1436 3590 immolari
1455 3538 1471 3591 b

370 3620 388 3672 6
407 3621 592 3674 sanctissImus
617 3622 659 3685 W,
677 3625 786 3674 sanctus
804 3637 863 3673 eum
883 3639 905 3683 c,
924 3626 1033 3674 sanctus
1051 3622 1066 3673 b
1199 3621 1226 3674 id
1245 3621 1316 3675 uidit
1341 3623 1383 3685 W,
1401 3622 1506 3675 diuidet

370 3722 393 3770 c,
412 3705 516 3759 uiditb
610 3709 638 3759 et
655 3705 809 3759 iuuenimus
827 3722 913 3759 onan
1006 3706 1171 3759 inueniomus
1190 3708 1313 3761 auterno
1405 3708 1505 3776 Sillii]

370 3790 475 3845 felicius
493 3808 508 3846 c
615 3790 853 3859 incomparabilem
872 3791 1081 3845 misericordiam
1100 3807 1141 3845 eo
1250 3792 1266 3842 9
1285 3792 1410 3845 obediens
1429 3810 1472 3848 co

371 3875 406 3929 10
423 3875 586 3929 discentibus
605 3876 629 3940 b,
646 3875 787 3944 discipulis
806 3893 850 3931 cc
983 3877 1014 3928 11
1035 3876 1131 3946 pignus
1149 3891 1232 3930 onae
1368 3879 1402 3931 12
1421 3895 1460 3946 sp.
1481 3895 1503 3941 c,
1590 3936 1593 3946 ,

371 3960 518 4029 spiritusb
634 3962 667 4015 14
685 3962 744 4014 alta
762 3978 845 4016 oenc
962 3961 1138 4015 manifestnb
1254 3965 1294 4032 ac]
1312 3963 1378 4017 haec
1396 3966 1506 4032 (potius

370 4047 451 4117 haul)
470 4064 484 4101 c
501 4054 527 4103 et
544 4049 583 4103 sic
601 4049 747 4118 eimuoties
765 4065 817 4117 pro
836 4066 867 4104 uc
1023 4049 1056 4102 16
1073 4050 1254 4103 commisimus
1273 4051 1298 4114 b,
1318 4051 1464 4105 cumsimus
1483 4067 1506 4113 c,

371 4134 554 4188 consensimus
576 4136 600 4188 G
734 4137 767 4188 l'l
786 4135 922 4189 derelictis
941 4136 957 4189 b
1090 4137 1123 4190 18
1141 4137 1271 4205 insperati
1289 4155 1312 4200 c,
1330 4137 1457 4206 inspirati
1476 4143 1504 4192 et

371 4218 554 4275 illuminatio
709 4221 900 4289 adpetentibus
918 4221 941 4284 b,
961 4221 1150 4290 apparentibus
1169 4239 1191 4287 c,
1211 4221 1424 4292 approbantibus
1447 4226 1469 4277 G
