3720 4920
1337 382 1463 431 LXXXV
1564 409 1569 420 ·

319 511 495 580 Castrensis
525 511 674 597 Cypriani
709 530 802 597 opera
830 512 865 578 in
894 531 1013 581 nouum
1048 515 1189 583 ordinem
1217 516 1463 604 Pameliauoque

320 624 485 691 meliorem
509 624 634 709 digesta
654 624 695 691 ad
715 626 858 691 uetustos
878 625 978 692 libros
1000 628 1178 694 accuratius
1201 629 1463 710 amendauerunt3

318 735 421 802 textui
444 735 564 821 insigni
589 735 765 819 legentium
792 736 955 802 commodo
982 738 1142 804 uadentes
1167 738 1318 806 lectiones
1339 759 1377 806 er
1396 741 1465 807 suis

320 846 521 929 aliorumque
540 845 701 913 codicibus
722 847 849 931 petitas,
872 847 1062 915 lectionibus
1084 850 1301 917 adnotationes
1322 851 1466 920 subiece-

218 942 222 950 ’
318 957 402 1023 runt
424 974 519 1040 opera
539 958 647 1040 spuria
667 958 778 1024 libello
794 958 966 1040 Exposilio
986 959 1116 1025 wenti
1136 960 1288 1045 inscripto
1309 964 1342 1028 et
1359 963 1465 1029 tribus

319 1066 454 1134 Arnoldi
479 1068 679 1136 Bonaarallis
707 1070 900 1138 tractatibus
931 1073 1025 1138 aucta
1054 1072 1185 1138 seorsim
1215 1072 1382 1140 ediderunt
1408 1091 1465 1140 suo

319 1178 464 1262 quodque
477 1179 597 1245 aucmri
613 1181 772 1247 uindicare
788 1182 903 1248 conati.
919 1184 1117 1248 accesserunt
1131 1181 1280 1249 Arsames
1300 1174 1464 1265 Cypriani

319 1291 390 1357 siue
409 1291 558 1357 tredecim
578 1309 740 1357 annorum
760 1291 876 1373 quobus
896 1292 931 1360 S.
948 1291 1137 1375 Cyprianus
1156 1293 1243 1358 inter
1262 1292 1467 1361 wirmums

319 1388 469 1468 aaronitas
488 1407 533 1467 est
552 1402 658 1469 menis
677 1402 814 1467 historia
828 1421 892 1483 per
907 1402 1067 1468 Ioannem
1083 1402 1275 1470 Castrensem
1289 1407 1321 1470 et
1336 1404 1468 1471 Disser-

319 1513 456 1578 tationes
477 1512 693 1594 Cypriam
713 1513 754 1579 ab
774 1513 916 1578 Henrico
935 1512 1100 1580 Dodroello
1118 1514 1162 1579 h
1178 1515 1228 1580 M.
1243 1514 1466 1582 Dubliniensi.

320 1623 359 1689 de
370 1622 521 1688 subsidiis
537 1623 656 1689 criticis
669 1623 747 1688 haee
761 1623 955 1690 adnotantur
965 1626 1000 1690 in
1011 1626 1222 1710 praelatione:
1239 1626 1468 1709 Manuacripti

320 1733 440 1800 manes
466 1732 672 1815 mordebant
696 1733 789 1812 milii,
815 1738 955 1815 quatuor
978 1734 1169 1814 Bodleiani,
1194 1741 1332 1818 quatuor
1356 1737 1468 1802 iidem

319 1843 537 1909 illustrissimi
550 1841 594 1908 D.
610 1842 722 1909 Isaaci
744 1842 867 1923 Vossii‚·
881 1843 945 1908 elno
959 1845 1050 1909 Noui
1065 1845 1199 1929 Colleoii
1213 1845 1365 1927 Croniae,
1380 1865 1469 1913 umes

282 1947 285 1953 ’
320 1954 445 2038 eolleyii
458 1953 698 2020 Lincolnieneis
712 1953 840 2032 ibidun,
855 1972 943 2020 unus
957 1954 1469 2039 colleeiiPembrocliianiCanta-
1487 1991 1491 1999 ·

320 2065 454 2149 Maiae,
480 2084 566 2130 unus
591 2063 791 2131 haltamma
816 2063 1065 2145 Lambetlianae,
1095 2067 1183 2132 alnes
1207 2067 1468 2148 Arundelionae,

320 2175 411 2240 alius
426 2174 650 2254 Ehmacensis,
664 2175 753 2240 alius
772 2175 1129 2255 westmonasteriensis,
1144 2177 1469 2260 aliusSarisbnrien·

321 2287 377 2366 sis,
392 2287 480 2352 alius
489 2285 706 2352 Cottoniem.
724 2285 828 2352 Porro
842 2285 1095 2353 communicatae
1107 2292 1183 2353 sunt
1193 2287 1276 2352 milri
1286 2288 1470 2356 menemus

322 2397 439 2464 natus
458 2396 583 2480 colleoii
605 2395 755 2479 Corporis
778 2396 902 2464 Christi
919 2397 1160 2481 Cantabrieiee
1180 2402 1208 2463 et
1229 2397 1365 2464 alterins
1380 2399 1467 2464 Lau

322 2506 478 2573 dimensis.
505 2527 602 2588 opera
622 2507 804 2573 Rurereredi
822 2507 893 2572 uiri
915 2507 1054 2573 Romae
1074 2508 1157 2574 Gale
1177 2507 1235 2576 SS.
1258 2508 1365 2576 Theoi.
1387 2509 1469 2576 Pro·

320 2617 461 2701 sessoria.
476 2617 568 2682 Iolem
578 2618 616 2682 iu
623 2616 863 2685 sarisburiensi
877 2618 1016 2699 quodam
1027 2618 1130 2683 rodim
1134 2618 1301 2699 praestitit
1309 2617 1470 2684 Reuerero·

322 2727 385 2792 dus
399 2728 436 2791 in
454 2726 580 2792 Christo
590 2726 691 2792 Pater
702 2727 905 2808 Asaphensis
916 2727 1107 2810 Episcopus.
1126 2727 1359 2794 Collatiombus
1372 2729 1470 2792 etiem

323 2835 474 2903 Codicum
490 2836 634 2916 Hunni,
655 2857 712 2903 nec
726 2855 792 2902 non
806 2837 1023 2903 monolinum
1038 2838 1071 2906 S.
1089 2837 1263 2904 Michaelis
1277 2838 1315 2902 iu
1325 2836 1471 2919 palade

319 2949 433 3027 maris,
450 2949 482 3016 S.
503 2948 638 3015 Victoris
653 2948 864 3028 ParisiensiS,
880 2949 914 3016 S.
928 2950 1049 3015 Mauri
1064 2949 1318 3028 Fossatensisjet
1334 2949 1367 3015 8.
1376 2946 1469 3015 Petri

324 3056 521 3125 Cmbeienns
539 3060 612 3142 frui
632 3059 745 3125 datum
766 3064 821 3140 cett
846 3079 885 3126 ea
907 3060 1073 3143 nosquam
1095 3060 1296 3125 immanitate
1310 3056 1472 3124 Reueren-

322 3167 436 3234 dorum
463 3168 603 3236 Petrum
628 3170 917 3237 Benedictinorum
942 3170 1097 3235 bitume.
1124 3169 1264 3236 Demum
1287 3168 1473 3234 collationes

323 3280 446 3362 aliquot
455 3279 606 3346 Codicum
623 3281 862 3360 Vaticareorum,
882 3280 1072 3348 Veronensis
1083 3281 1193 3345 daem
1204 3285 1297 3361 atque
1304 3279 1472 3346 Beneieen·

323 3393 406 3468 tani,
432 3411 489 3457 nec
514 3409 580 3455 uon
601 3389 700 3474 Reois
722 3390 865 3468 Galliae,
891 3392 998 3464 audio
1023 3389 1216 3456 munuae·
1241 3389 1311 3455 uiri
1333 3388 1472 3479 Domini

323 3500 452 3568 Roberti
460 3501 575 3586 Riobe,
585 3502 668 3567 milii
679 3505 856 3584 opportune
860 3502 1120 3585 resumantur.
1132 3501 1264 3586 apposui
1275 3501 1354 3568 haee
1364 3499 1471 3584 uerba,

324 3613 439 3697 quibus
459 3613 535 3678 solis
550 3613 589 3679 de
603 3612 765 3679 codicibus
780 3613 835 3695 qui
850 3613 885 3677 iu
900 3612 1038 3698 Angliaa
1052 3612 1255 3679 bibliothecis
1270 3612 1473 3679 assemantnr

325 3725 456 3791 constat.
484 3724 673 3790 uebntiores
695 3724 722 3788 si
743 3723 789 3789 ibi
813 3723 961 3801 fuissent,
989 3743 1026 3789 er
1049 3723 1314 3790 bibliothecarum
1339 3721 1472 3788 latebris

325 3835 460 3901 editores
481 3854 543 3918 qua
563 3836 638 3901 sunt
659 3834 808 3919 diligenti
830 3852 906 3900 cura
927 3835 995 3902 sine
1017 3835 1114 3900 dubio
1129 3833 1345 3918 protulissent.
1372 3850 1472 3916 noque

325 3945 379 4027 qui
394 3947 467 4028 post
481 3965 533 4012 eos
543 3944 681 4032 Angliae
694 3945 905 4012 bibliothecas
919 3947 1137 4029 perscrutatus
1152 3945 1201 4010 est
1210 3943 1317 4010 Routh
1333 3943 1473 4010 codicem

325 4055 380 4139 qui
410 4057 572 4125 saeculum
602 4057 762 4124 decimum
790 4057 897 4124 aetate
926 4057 1088 4142 superaret
1116 4056 1222 4139 potuit
1247 4054 1387 4120 inuenire
1418 4051 1471 4138 (cf.

326 4169 444 4253 Sunt.
462 4171 565 4238 eccles.
582 4169 736 4253 macula
744 4169 930 4251 manipula
944 4167 1104 4250 quomam
1118 4165 1214 4233 Oxou.
1233 4165 1317 4233 1858
1332 4186 1363 4250 p.
1381 4161 1471 4248 841).

325 4280 496 4348 dolendum
508 4280 692 4348 esth'ellnm
706 4297 762 4363 pro
777 4297 865 4346 moro
879 4278 970 4345 illius
987 4277 1102 4344 mtatie
1117 4276 1240 4360 quaein
1252 4273 1474 4343 exhauriendis
