3720 4920
324 346 399 396 xcn
730 326 879 383 Caecilii
904 327 1068 397 cypriani

323 481 392 549 eius
406 482 547 562 interlui,
563 483 591 548 si
603 502 664 566 qua
679 483 717 548 de
728 481 958 565 antiquioribus
970 482 1117 565 comperi,
1133 481 1246 561 dicam,
1262 482 1341 548 hanc
1356 483 1463 548 tamen

325 585 435 667 petens
460 585 596 664 neniam,
623 586 661 650 ut
682 584 831 669 quicquid
854 583 959 650 minus
984 583 1088 649 dixero
1115 582 1231 667 (minus
1253 584 1337 649 enim
1358 585 1463 649 dicam

324 703 449 751 necesse
458 686 722 771 est)ignorantiae
734 704 821 751 meae
834 686 939 768 potius
950 704 1045 768 qnam
1056 685 1144 750 illius
1156 685 1274 769 gloriae
1286 685 1462 769 derogetur.

323 786 409 853 inter
422 787 497 853 fidei
512 805 586 853 snae
600 788 703 870 prima
714 787 894 853 rudimenta
904 786 986 851 nihil
997 786 1086 852 aliud
1099 786 1233 853 credidit
1242 786 1306 852 Deo
1318 786 1462 882 dignum,

325 908 421 972 qnam
435 891 464 955 ai
479 890 703 956 continentiam
717 889 868 954 tueretur.
891 890 967 954 tunc
982 889 1067 954 enim
1081 906 1171 973 posse
1184 889 1332 954 idoneum
1346 888 1414 954 fieri
1429 889 1483 954 eta

324 992 435 1075 pectus
447 992 480 1056 et
490 1009 616 1057 sensum
628 991 806 1073 adplenum
821 991 889 1056 neri
904 992 1121 1073 capacitatem,
1137 991 1166 1057 si
1181 990 1464 1074 concupiscentium

326 1092 429 1158 carnis
451 1091 578 1156 robusto
599 1094 694 1175 utque
714 1091 837 1176 integro
858 1092 1085 1159 sanctimoniae
1104 1094 1211 1158 tenore
1225 1092 1367 1158 calcaret.
1393 1092 1465 1175 quis

324 1211 478 1277 umquam
507 1193 590 1260 tanti
615 1193 763 1260 miraculi
788 1195 958 1261 meminit?
988 1196 1126 1260 nondum
1152 1195 1285 1261 secunda
1309 1195 1464 1261 natiuitas
1563 1241 1567 1249 -

327 1314 446 1361 nonum
466 1296 624 1361 hominem
646 1297 807 1380 splendore
827 1297 895 1362 toto
912 1297 1037 1361 diuinae
1051 1296 1132 1362 lucis
1147 1297 1335 1375 oculauerat
1352 1298 1384 1362 et
1398 1297 1463 1362 iam

326 1396 448 1463 ueteres
462 1413 498 1460 ac
511 1397 662 1479 pristinas
676 1397 822 1462 tenebras
837 1398 903 1461 sola
918 1398 999 1462 lu'cis
1013 1399 1162 1480 paratura
1175 1397 1329 1463 uincebat.
1351 1396 1463 1463 deinde
1473 1416 1500 1456 ro

326 1499 410 1579 qnod
431 1501 534 1566 maius
557 1502 615 1583 ent,
639 1519 710 1565 cum
726 1499 765 1564 de
779 1499 912 1564 lectione
934 1499 1043 1563 diuina
1065 1499 1218 1580 quaedam
1240 1499 1305 1564 iam
1329 1517 1389 1564 non
1410 1515 1466 1581 pro
1538 1485 1541 1490 ⁵

325 1600 504 1670 condicione
524 1600 676 1666 nouitatis
696 1601 751 1666 sed
771 1619 827 1684 pro
847 1599 921 1666 fidei
942 1600 1143 1666 festinatione
1164 1599 1336 1678 didicisset,
1352 1599 1465 1665 statim

326 1702 432 1784 rapuit
451 1702 534 1784 qnod
555 1702 680 1768 inuenit
699 1703 901 1785 promerendo
916 1702 1052 1768 Domino
1073 1702 1282 1785 profuturum.
1306 1701 1466 1768 distractis

327 1803 421 1869 rebus
447 1803 513 1870 suis
536 1805 576 1869 ud
600 1803 812 1887 indigentium
835 1805 1010 1868 multorum
1032 1822 1142 1886 pacem
1163 1804 1377 1869 sustinendam
1399 1804 1467 1869 tota

327 1921 422 1986 prope
436 1905 538 1988 pretia
552 1906 733 1989 dispensans
748 1904 809 1970 duo
824 1905 905 1970 bona
919 1905 1016 1970 simul
1027 1905 1139 1985 iunxit,
1163 1907 1200 1970 ut
1214 1907 1247 1971 et
1260 1905 1465 1970 ambitionem
1474 1927 1500 1968 n

330 2005 449 2070 saeculi
478 2007 637 2088 sperneret
663 2024 725 2088 qna
751 2006 957 2090 perniciosius
981 2005 1064 2072 nihil
1089 2007 1137 2072 est
1163 2009 1194 2072 et
1219 2006 1467 2072 misericordiam

328 2125 424 2189 quam
440 2108 525 2172 Deua
549 2108 646 2173 etiam
670 2108 832 2174 sacrificiis
855 2109 921 2174 suis
941 2109 1103 2192 praetulit,
1130 2128 1225 2191 quam
1247 2128 1303 2174 nec
1322 2109 1387 2187 ille,
1411 2108 1466 2191 qni

329 2206 411 2292 legis
425 2209 530 2273 omnia
544 2210 694 2274 mandata
710 2228 850 2275 seruasse
865 2228 898 2274 se
913 2209 1036 2275 dixerat
1050 2210 1134 2287 fecit,
1151 2211 1308 2293 impleret,
1329 2211 1361 2276 et
1374 2227 1466 2292 prae·

329 2328 460 2395 propera
475 2309 642 2376 uelocitate
655 2311 786 2393 pietatis
801 2329 898 2395 paene
914 2313 987 2376 aute
1002 2311 1105 2395 coepit
1119 2310 1274 2395 perfectus
1290 2329 1464 2394 essequam

331 2412 475 2479 disceret.
499 2412 569 2494 quis
589 2430 642 2478 oro
663 2412 701 2478 de
717 2413 877 2480 ueteribus
896 2414 955 2479 hoc
976 2413 1074 2480 iecit?
1094 2415 1164 2497 quis
1181 2414 1220 2479 de
1234 2412 1500 2496 antiquissimisro

329 2514 363 2578 in
388 2513 450 2578 fide
475 2513 611 2592 senibus,
638 2531 770 2596 quornm
798 2518 918 2580 mentes
942 2517 974 2580 et
996 2534 1086 2581 aures
1112 2515 1343 2597 perplurimos
1369 2532 1465 2579 annos

329 2613 438 2679 diuina
464 2615 561 2680 uerba
586 2617 798 2699 pulsauerant
826 2617 891 2683 tale
915 2617 1036 2701 aliquid
1059 2617 1225 2701 impendit,
1250 2617 1342 2700 quale
1364 2616 1465 2682 adhuc

328 2716 416 2781 rudis
450 2715 523 2781 fidei
553 2717 584 2781 et
614 2717 665 2782 cui
695 2718 833 2783 nondum
868 2721 1002 2785 forsitan
1034 2719 1213 2785 crederetur
1247 2736 1465 2802 supergressus

382 2970 398 3023 1
412 2968 482 3039 eiua]
496 2983 577 3040 egop
648 2971 711 3040 qua]
724 2986 804 3039 quem
815 2988 840 3025 ro
910 2969 1120 3039 antiquioribus]
1134 2971 1191 3023 eius
1203 2969 1327 3039 operibns
1338 2969 1434 3025 udde

329 3057 405 3112 dicta
420 3058 446 3112 Τ
520 3056 625 3124 2ρο1οο
640 3055 763 3118 Ptoou.
778 3056 887 3124 inpete
902 3057 1006 3111 Toat
1079 3053 1314 3108 derudimentaT
1379 3052 1469 3122 magis

329 3141 447 3198 credidit
457 3157 483 3195 w
575 3139 680 3207 btnnc]
692 3155 764 3195 nunc
777 3140 833 3205 Pb,
846 3127 864 3194 ἦ
878 3140 916 3195 Y‘
1007 3139 1066 3194 fieri
1078 3139 1203 3194 idoneum
1215 3139 1399 3193 arbitrabatur
1410 3155 1435 3192 ro

328 3232 358 3284 at
369 3243 420 3283 ora
435 3229 476 3283 Tc
602 3223 677 3294 tad]
689 3227 718 3279 et
728 3243 753 3280 w
881 3225 948 3295 neri]
961 3225 1104 3279 ueritatem
1122 3224 1167 3293 Tr,
1179 3240 1249 3279 corr.
1261 3225 1294 3278 tn
1305 3223 1432 3278 ueritatis
1446 3223 1473 3278 1'

328 3317 395 3370 cad
498 3310 687 3381 capacitatem]
699 3310 840 3379 peruenire
851 3311 947 3366 addc
1051 3310 1154 3364 sioorr.
1168 3311 1202 3364 in
1213 3309 1267 3363 nisi
1281 3310 1308 3364 T
1408 3324 1470 3362 cou-

329 3397 496 3469 cupiscentia
507 3413 531 3450 ec
614 3395 630 3449 7
643 3396 837 3450 sanctimoniae
848 3398 942 3450 tenore
956 3394 1043 3458 TFL,
1055 3394 1149 3462 nigore
1161 3395 1190 3448 et
1201 3392 1379 3447 sanctimonia
1390 3410 1436 3462 cop

329 3483 455 3552 calcaret]
466 3481 601 3536 tenuisset
611 3497 656 3549 cop
765 3480 875 3534 eante
886 3479 1018 3534 miracula
1031 3496 1077 3548 cop
1180 3479 1297 3533 9toturn
1310 3477 1435 3547 diuinap

330 3571 365 3626 10
375 3569 476 3624 uocem
494 3569 530 3624 T¹
598 3565 721 3638 paritura
731 3566 777 3632 P,
788 3568 935 3636 aparatura
946 3587 967 3636 μ
978 3565 1028 3621 ced
1040 3581 1086 3621 ae.
1097 3566 1113 3621 1.
1125 3569 1187 3622 ont
1256 3565 1289 3619 11
1301 3563 1469 3635 delectione]

329 3656 475 3712 dilectione
490 3657 559 3725 Tpro
688 3654 722 3708 12
733 3653 878 3724 nouitatis]
891 3652 1067 3722 humanatae
1194 3651 1377 3721 festinatione]
1390 3650 1471 3705 testi·

329 3741 528 3808 moniationep
650 3738 684 3792 13
697 3724 761 3794 dum
774 3759 803 3807 p,
815 3738 880 3792 dum
891 3754 926 3803 w,
938 3737 1015 3793 deoc
1136 3738 1170 3791 14
1182 3736 1362 3805 indigentiam
1374 3752 1436 3803 οομο

329 3810 479 3881 multorum
489 3813 585 3895 pacem
600 3825 632 3889 Τ,
643 3840 791 3894 pauperum
801 3840 866 3894 rope
959 3820 1165 3876 substinendam
1176 3837 1231 3890 cop,
1243 3819 1399 3874 anabudum
1415 3821 1473 3884 Te,

329 3910 536 3967 sustentandam
549 3911 603 3965 T²e
712 3911 746 3965 15
758 3925 840 3979 prope
852 3909 963 3977 scripsi,
976 3923 1023 3976 pro
1038 3907 1069 3972 Τ,
1083 3923 1133 3961 ona
1146 3922 1209 3975 cepe
1318 3906 1407 3973 pretia
1418 3921 1472 3972 cop,

327 3997 432 4068 proelia
451 3996 534 4066 preda
553 3995 584 4062 T,
608 3995 696 4064 pretio
713 4012 738 4060 a,
759 3993 871 4065 praedia
889 3992 977 4063 pretio
1000 3991 1098 4060 Oxou,
1120 3990 1168 4044 aad
1189 3990 1224 4054 cf.
1244 3993 1318 4044 o.13
1338 3994 1366 4042 et
1387 3989 1472 4058 Gypr.

324 4099 357 4154 1⁹·
369 4085 472 4151 asans
572 4081 606 4137 16
618 4084 647 4135 et
658 4101 678 4151 μ
690 4095 709 4136 a.
723 4081 739 4136 l.
752 4083 821 4135 Μ
924 4079 958 4134 17
972 4078 1055 4133 etiam
1068 4094 1117 4133 om.
1131 4093 1156 4130 cc
1252 4075 1367 4145 pertulit
1378 4075 1438 4144 rep*

330 4168 365 4224 18
377 4172 406 4223 et
422 4183 472 4223 oen.
489 4167 589 4235 Trop'e
746 4166 904 4236 praepotera
919 4166 976 4229 Tu,
993 4164 1167 4234 praepostera
1181 4161 1226 4226 P,
1243 4163 1352 4230 propter
1369 4175 1401 4214 ea
1413 4177 1438 4214 co

328 4255 491 4325 maenibus]
505 4254 625 4310 acuimus
636 4253 668 4318 T,
679 4252 801 4323 opattam
813 4267 936 4306 acmen
947 4251 1002 4305 iat
1071 4248 1247 4318 plurimorum
1259 4247 1285 4301 T
1350 4245 1386 4300 23
1398 4244 1472 4315 fldcil

330 4341 410 4399 homo
422 4339 517 4398 addo
