3720 4920
400 359 464 419 212
874 348 1060 420 Appendix.

398 509 555 568 clesiastici
566 510 639 568 iuris
651 510 810 583 inpediunt.
823 510 869 567 ius
880 510 988 567 tractat
999 510 1018 578 †
1031 507 1147 566 uiuendi
1159 510 1190 565 et
1200 525 1257 566 non
1268 507 1371 566 edendi
1382 506 1533 565 arbitrium

397 611 623 686 uniuscuiusque
641 612 822 672 confirmans.
840 611 874 670 de
890 610 1033 669 similibus
1048 609 1135 667 iussit
1149 609 1293 668 neminem
1308 607 1437 678 iudicari,
1459 624 1532 680 quae

397 713 540 771 uoluntati
567 713 750 788 singulorum
765 714 921 772 auctoritas
948 711 1045 770 diuim
1069 711 1227 770 concedens
1253 711 1284 769 in
1305 712 1426 784 utraque
1448 711 1532 781 parte

398 812 520 872 faciendi
536 818 565 872 et
579 832 637 874 non
658 814 781 874 faciendi
797 814 953 874 clementer
968 811 1099 870 indulsit.
1123 811 1190 870 illos
1212 814 1309 871 antem
1332 809 1534 871 ecclesiasticis

397 915 590 974 tribunalibus
617 917 749 976 subdidit
773 933 845 990 quos
870 918 1096 988 transgressores
1118 913 1278 972 ordinariae
1293 912 1558 987 transgressioniss

397 1017 478 1076 nulla
491 1017 640 1092 inpunitas
662 1019 819 1090 excusauit,
834 1020 868 1076 ιιι
881 1018 931 1091 qui
945 1016 1053 1090 passim
1072 1003 1122 1074 ‘tu
1144 1015 1205 1088 qni
1228 1032 1281 1086 es,
1304 1019 1344 1074 ut
1365 1014 1406 1074 de
1428 1030 1535 1074 seruo

397 1117 521 1178 alieno
550 1105 707 1179 indices’
736 1120 888 1179 aduersum
918 1134 969 1177 nos
1002 1117 1092 1176 ueluti
1121 1117 1252 1175 libellum
1281 1115 1534 1177 contradictorium

396 1219 551 1292 proterant,
574 1221 716 1280 rationale
732 1220 819 1280 simul
841 1222 995 1280 etcertum
1011 1222 1214 1292 recognoscant
1230 1219 1305 1291 quod
1319 1218 1479 1290 accepimns
1494 1217 1531 1277 ab

397 1320 495 1381 eodem
510 1321 600 1381 Paulo
622 1322 751 1394 apostolo
775 1321 975 1394 repulsorium.
1007 1319 1278 1395 praecipimus,
1309 1320 1413 1395 inquit,
1428 1318 1534 1378 uobis

397 1423 535 1482 tratres
557 1424 594 1481 in
622 1424 765 1483 nomine
787 1423 932 1483 Domini
960 1422 1082 1483 nostri
1104 1423 1189 1482 Iesu
1212 1422 1378 1494 Christi,
1411 1424 1451 1481 ut
1473 1439 1573 1483 se·ro

398 1524 541 1595 paretis
573 1540 638 1583 uos
667 1541 686 1582 a
719 1525 906 1583 fratribus
937 1523 1215 1583 ambulantibus
1248 1523 1461 1584 inordinate
1501 1526 1538 1583 et

398 1643 465 1685 non
488 1626 685 1684 secundnm
707 1625 954 1684 traditionem
975 1642 1078 1698 quam
1101 1624 1343 1697 accepisti-sa
1364 1625 1481 1685 nobie.

348 1721 396 1778 37
448 1727 600 1785 Enaeimus
617 1730 650 1786 ut
664 1727 764 1800 opinor
785 1730 867 1786 tanta
882 1727 1021 1800 ligamina
1042 1727 1251 1799 quaestionum,
1275 1726 1379 1798 quibus
1394 1729 1536 1785 amatores

397 1828 542 1887 eunuchos
557 1829 717 1901 amplexus
732 1828 848 1887 leminei
862 1828 1039 1902 ligauerunt,
1065 1829 1114 1901 qui
1130 1829 1275 1902 peruersis
1290 1827 1537 1900 interpretationi·

399 1930 453 1988 bus
468 1930 583 1989 decreta
598 1931 707 2004 legebo
720 1932 866 1990 demutare
889 1934 1029 2004 coguntur
1043 1934 1074 1989 et
1099 1932 1210 1989 malunt
1231 1931 1324 1988 audiri
1346 1932 1572 2003 proponentesrs

400 2048 475 2089 uana
489 2035 519 2089 et
534 2032 667 2091 fabulosa
683 2035 850 2102 commenta,
866 2050 952 2107 quam
967 2034 1060 2105 magis
1075 2032 1131 2104 ipsi
1146 2049 1218 2104 quae
1233 2049 1303 2091 uera
1317 2036 1385 2090 sunt
1400 2032 1535 2090 audiantt

399 2131 590 2205 quosPaulus
602 2135 750 2206 apostolus
762 2134 915 2193 adnuntiat
930 2134 1042 2193 dicens:
1059 2151 1076 2192 a
1092 2133 1255 2193 ueritate
1270 2133 1417 2207 quidem
1432 2150 1537 2192 auer-

398 2237 479 2292 tent
493 2234 666 2306 auditum,
683 2237 726 2293 ad
741 2235 890 2295 tabulas
905 2238 1177 2294 conuertuntur.
1190 2234 1537 2308 quicquidnoluntadbuc

400 2335 560 2408 exquirant,
576 2339 610 2393 ut
624 2336 768 2394 obsistant
795 2354 844 2409 pro
860 2337 1029 2395 mulieribus
1040 2336 1166 2395 ueritati.
1192 2336 1342 2394 uictoriam
1355 2353 1413 2395 non
1427 2336 1535 2394 babent

400 2438 475 2509 apud
491 2453 562 2509 quos
578 2439 681 2496 contra
695 2438 817 2497 Esdram
831 2437 934 2496 mulier
949 2438 1141 2514 potiusquam
1159 2438 1267 2498 ueritas
1282 2438 1361 2495 uicit.
1377 2455 1428 2497 uos
1438 2440 1534 2495 autem
1544 2457 1571 2496 se

400 2536 453 2595 tilii
469 2537 611 2597 carissimi
627 2556 686 2597 non
702 2541 814 2598 tantum
831 2540 1016 2613 persuasione
1039 2539 1090 2598 sed
1113 2540 1198 2597 etiam
1221 2541 1363 2612 potestate
1385 2537 1534 2599 conuento.

400 2640 459 2698 tale
475 2639 695 2699 deliramentum
712 2641 862 2713 despicite,
890 2659 1009 2714 quorum
1030 2642 1212 2714 quaestiones
1228 2642 1350 2700 Paulum
1372 2640 1533 2713 apostolum

401 2741 482 2799 scitis
498 2741 603 2814 ubique
618 2742 780 2814 damnasse,
797 2743 871 2802 sicut
882 2744 919 2802 ad
934 2743 1076 2801 Romanos
1091 2743 1208 2815 scripsit
1223 2743 1335 2801 dicens:
1360 2758 1446 2814 rogo
1462 2757 1535 2814 uos,

401 2843 551 2915 fratres,
575 2842 793 2916 diligenter
818 2843 1019 2903 obseruare
1041 2861 1103 2902 eos
1132 2845 1193 2918 qui
1216 2843 1537 2902 dissensioneset

399 2944 638 3004 offendicula
674 2947 826 3019 praeter
858 2946 1068 3005 doctrinam
1105 2963 1210 3019 quam
1244 2962 1307 3004 uos
1340 2943 1571 3007 didicistisas

399 3049 462 3106 aut
496 3045 624 3105 dicunt
658 3050 721 3106 aut
754 3047 919 3118 iaciunt,
954 3050 989 3106 et
1011 3048 1205 3107 declinate
1228 3047 1271 3105 ab
1295 3046 1399 3119 ipsis.
1433 3045 1476 3104 sio
1505 3049 1536 3105 et

399 3147 548 3207 Timotheo
568 3147 703 3221 delegat:
734 3148 830 3221 noli,
860 3148 971 3222 inquit,
1003 3149 1130 3208 uerbis
1161 3149 1406 3207 contendere:
1436 3145 1535 3204 nibil

316 3385 320 3391 .
467 3341 484 3392 9
502 3340 531 3392 ΙΙ
549 3341 642 3394 Thess.
660 3341 685 3404 3,
705 3342 731 3394 6.
897 3343 929 3395 17
948 3341 1045 3398 ITim.
1063 3344 1089 3407 4,
1107 3344 1132 3397 4.
1288 3345 1323 3397 23
1340 3344 1417 3397 Rom.
1436 3344 1478 3407 16,
1493 3343 1534 3396 rt.

399 3425 481 3479 2711
501 3423 570 3480 Tim.
590 3427 676 3489 214.

470 3613 485 3663 1
504 3613 546 3664 ins
564 3612 587 3666 0
603 3629 636 3664 us
653 3614 685 3665 in
701 3627 756 3665 roe.
907 3614 1015 3668 uiuendi
1035 3630 1069 3668 ex
1087 3615 1210 3668 oeniandi
1229 3615 1258 3679 0,
1277 3615 1371 3669 edendi
1389 3617 1459 3669 coni.
1479 3616 1535 3668 Pa

399 3698 497 3752 melius
611 3699 780 3752 tumninem
798 3698 911 3753 inseite
1025 3701 1300 3757 deoclesiasticosO
1401 3700 1483 3769 equi
1506 3699 1536 3765 0,

400 3785 495 3852 quise
594 3788 625 3838 ut
646 3786 674 3849 O,
695 3785 776 3852 quic
863 3785 1055 3842 laduersuso
1141 3787 1373 3844 drationabileo
1466 3788 1534 3842 acei-

400 3868 524 3937 pimuse
670 3869 702 3921 13
720 3872 752 3922 ut
770 3885 855 3922 orae
998 3872 1031 3924 15
1049 3871 1167 3925 darete
1188 3873 1276 3927 Gecd
1293 3873 1340 3926 dec
1357 3888 1378 3926 s.
1396 3873 1413 3925 l.
1431 3876 1503 3926 m.2

400 3954 533 4022 eoguntur
551 3953 573 4007 0
590 3969 627 4006 un
645 3955 677 4007 in
695 3969 751 4006 rae.
827 3952 918 4007 audire
939 3955 973 4010 0¹
1053 3956 1086 4007 16
1104 3957 1192 4024 magis
1210 3973 1259 4010 orn.
1278 3973 1297 4011 e
1375 3957 1445 4023 quod
1468 3956 1503 4010 0¹

400 4039 435 4092 18
452 4037 576 4092 anditum
595 4041 754 4095 auertento
881 4040 989 4094 fabulas
1008 4043 1132 4095 auterno
1259 4044 1448 4096 conuertentur
1471 4041 1538 4097 Ote

399 4123 432 4175 ia
448 4138 503 4177 rae.
608 4123 645 4176 20
662 4123 827 4179 hesdram&
936 4127 1037 4195 auwm]
1056 4130 1145 4181 antem
1162 4127 1301 4196 itaqueG
1401 4129 1535 4181 aretiam

400 4222 487 4262 omo
591 4208 625 4261 22
642 4208 754 4264 talesG
