3720 4920
557 370 603 424 De
620 368 793 424 montibus
810 368 891 423 Sina
908 372 942 423 et
959 369 1041 423 Sion
1064 384 1087 422 c
1105 370 1184 423 4-6.
1359 333 1361 338 Ι
1376 377 1435 438 109

299 529 368 605 quia
393 529 528 589 Salomon
553 529 747 602 quadraginta
772 544 822 588 sex
848 527 932 586 annis
951 529 1091 602 templum
1120 528 1179 588 Deo
1195 528 1389 600 fabricauerit,
1411 528 1443 586 in

300 631 381 692 ouius
407 629 510 704 templi
535 629 753 688 similitudinem
778 629 860 689 Iesus
886 645 1001 689 carnem
1028 646 1110 688 suam
1140 647 1203 690 essa
1230 631 1317 703 dixit,
1344 630 1442 689 dicens

299 732 481 792 Pharisaeis:
505 731 737 804 destringite
760 731 882 791 fanum
904 730 1018 790 istum
1041 733 1077 791 et
1098 748 1163 805 ego
1179 733 1214 790 in
1230 733 1352 791 tribus
1368 733 1441 791 die·

299 835 365 894 bus
387 834 560 894 excitabo
581 833 697 892 illum.
720 832 965 893 etPharisaei
987 834 1176 894 dicebant:
1193 833 1443 908 quadraginta

278 953 363 997 aser
384 937 493 995 annis
515 934 759 995 aedificatum
784 940 842 994 est
863 937 985 995 fanum
1007 937 1111 995 istud
1134 940 1170 996 et
1187 938 1246 995 hic
1261 938 1297 995 in
1318 937 1442 996 tribus

299 1036 428 1096 diebus
457 1036 663 1096 suscitabit
690 1035 816 1096 illum?
848 1037 998 1096 dicebat
1028 1040 1150 1096 autem
1184 1039 1289 1097 Iesus
1320 1037 1442 1096 tanum

300 1139 341 1198 de
363 1154 519 1213 corpore
541 1156 615 1198 suo.

342 1239 453 1300 Deinde
474 1240 548 1299 Abel
567 1238 645 1298 filius
664 1240 744 1299 suas
764 1256 867 1298 nomon
881 1240 993 1314 accepit
1008 1240 1193 1311 Hebraicum,
1214 1240 1370 1330 ‹iesignaus
1383 1238 1474 1301 ira-b

300 1343 355 1402 tris
365 1340 593 1402 interiectionem
604 1344 634 1401 et
645 1345 827 1415 parentorum
840 1342 958 1401 luctum.
972 1342 1042 1400 item
1053 1341 1156 1402 Enoch
1165 1342 1214 1416 qui
1225 1346 1292 1402 ante
1304 1340 1444 1402 diluuium
1555 1407 1559 1415 ,

267 1444 362 1504 ioDeo
383 1444 478 1503 iustus
500 1442 664 1516 conplacuit
677 1445 708 1502 et
722 1444 785 1502 ideo
800 1445 835 1502 de
851 1443 906 1502 isto
926 1444 1032 1503 mundo
1047 1442 1077 1501 iu
1092 1443 1191 1502 carnis
1206 1460 1275 1503 suae
1289 1442 1444 1503 natiuitate

303 1546 386 1604 uiuus
401 1545 561 1603 translatus
576 1548 622 1603 est
635 1543 666 1602 in
680 1543 743 1603 ioco
758 1544 808 1602 ubi
820 1545 896 1603 Deus
910 1546 982 1604 scit:
998 1561 1033 1603 ex
1047 1561 1104 1618 quo
1120 1546 1186 1604 loco
1201 1545 1445 1605 consummatione

302 1645 402 1706 mundi
424 1646 556 1705 innonuri
582 1646 671 1704 habet
685 1647 716 1703 in
731 1645 785 1705 hoc
805 1646 921 1717 mondo,
947 1644 1023 1704 unde
1038 1648 1069 1704 et
1083 1650 1112 1705 tr
1118 1647 1250 1705 anslatus
1265 1649 1311 1706 est
1324 1645 1362 1704 ad
1375 1662 1445 1704 con·

301 1747 477 1807 fundendum
497 1751 527 1807 et
547 1746 750 1807 reuincendum
775 1748 997 1806 antichristum:
1021 1764 1109 1820 aquo
1142 1747 1286 1807 interiecti
1308 1747 1447 1822 martyria

301 1867 355 1910 sua
368 1850 551 1922 conplebunt‚
577 1849 708 1908 uiuentes
728 1849 759 1906 iu
773 1852 922 1908 aeternum
936 1847 967 1906 in
982 1849 1097 1908 saecula
1112 1848 1307 1909 saeculorum.
1331 1852 1361 1908 et
1382 1849 1447 1908 ideo

269 1951 402 2012 rabinoch
417 1951 589 2023 interpretat
602 1934 789 2009 ‘innonatus'.
812 1950 913 2008 deinde
928 1950 979 2008 Iob
994 1950 1099 2022 iustus,
1123 1949 1173 2022 qui
1195 1954 1262 2009 ante
1278 1951 1353 2008 diem
1369 1949 1447 2008 iudi-

304 2053 343 2113 cii
367 2052 473 2112 meruit
499 2069 567 2112 uoce
593 2051 696 2112 iudicis
722 2052 845 2124 laudari,
873 2055 903 2112 et
923 2051 986 2112 ideo
1007 2053 1119 2114 deuicto
1135 2053 1253 2113 diabolo
1269 2056 1298 2112 et
1313 2055 1447 2127 superato

306 2155 359 2214 Iob
380 2155 550 2226 interpretat
571 2140 748 2212 ‘carissimus
770 2137 842 2211 Doi'.
866 2168 957 2226 aequo
973 2157 1003 2212 et
1017 2154 1164 2212 Abrabam
1180 2155 1209 2211 iu
1225 2171 1279 2211 sua
1293 2154 1447 2213 natiuitate

307 2274 326 2316 a
351 2255 520 2330 parentibus
547 2254 608 2314 suis
628 2255 736 2313 Abram
762 2255 872 2314 nocitus
899 2259 961 2326 est,
989 2256 1149 2328 temptatus
1164 2272 1232 2314 uero
1246 2272 1265 2313 a
1279 2254 1338 2314 Deo
1353 2253 1447 2313 tidelis

310 2358 446 2415 inuentos
460 2359 505 2415 est
520 2359 549 2414 ct
563 2374 581 2414 a
594 2355 655 2413 Deo
671 2357 836 2415 benedictus
856 2359 938 2429 pater
959 2356 1114 2414 multarum
1130 2355 1258 2428 gentium
1274 2355 1447 2415 constitutus

273 2478 300 2518 eo
310 2460 374 2518 eat:
398 2461 428 2515 et
454 2457 516 2515 ideo
531 2457 671 2517 inmutato
687 2475 705 2515 a
719 2456 778 2515 Deo
794 2456 906 2515 nomine
921 2457 1068 2515 Abraham
1090 2455 1202 2515 nocitus
1224 2457 1279 2528 est,
1304 2455 1447 2528 interpre-

307 2561 353 2622 ,tat
363 2549 459 2631 ‘pater
473 2557 626 2616 multorum
641 2544 831 2631 populorum'.

354 2659 429 2719 uoce
444 2658 560 2717 iuterim
575 2661 610 2718 de
626 2658 725 2718 multis
739 2657 957 2732 probationibus
972 2673 1064 2729 pauca
1078 2656 1214 2728 diximus,
1230 2660 1264 2715 ut
1278 2657 1314 2714 ad
1329 2655 1478 2719 duomm6

309 2761 449 2821 montium
471 2761 587 2821 nomina
610 2762 812 2834 perueniantes
842 2761 1096 2833 interpretationes
1112 2776 1210 2821 eorum
1230 2759 1369 2819 montium
1396 2775 1448 2815 no·

310 2862 389 2922 mina
408 2863 569 2935 probamus,
596 2862 721 2936 qualiter
735 2861 887 2936 designata
901 2861 961 2921 sint
974 2863 1012 2921 ad
1027 2865 1155 2921 nostrum
1170 2859 1395 2931 instructionem,
1417 2863 1450 2917 ut

360 3052 639 3146 &W
981 3106 984 3111 1
1450 2995 1641 3145 ΗΜ,
1684 2991 1810 3110 zpo-

380 3298 398 3349 2
416 3294 595 3348 similitudine
613 3314 633 3362 μ
776 3293 909 3348 dicentem
929 3294 989 3348 ΜΤ
1131 3295 1329 3363 idestringite
1347 3294 1383 3348 Μ
1386 3296 1450 3362 Τμ’,

310 3381 443 3435 destruite
461 3380 512 3448 pa'c
615 3377 687 3432 istud
706 3396 744 3446 pc
861 3379 881 3434 4
899 3378 969 3432 illud
987 3396 1025 3447 po
1146 3381 1163 3433 6
1181 3379 1326 3432 suscitauit
1345 3379 1388 3443 Μ,
1407 3395 1450 3433 er·

312 3465 412 3521 citabit
429 3482 446 3519 o
558 3463 627 3516 illud
644 3478 682 3531 po
793 3463 811 3517 9
829 3466 970 3531 pareutum
989 3480 1026 3530 pa
1140 3462 1174 3517 10
1190 3463 1366 3517 natiuitatem
1384 3463 1422 3517 M

311 3552 346 3604 11
366 3548 624 3604 consummationem
647 3547 715 3610 ΜΤ,
738 3549 767 3601 in
791 3548 1022 3602 consummatione
1039 3565 1077 3617 μυ
1251 3549 1284 3601 12
1301 3547 1364 3601 iude
1382 3547 1420 3601 Μ

312 3639 341 3692 et
359 3636 412 3705 Τμ,
431 3636 513 3688 etiam
532 3632 583 3686 Mo
688 3631 722 3685 13
739 3632 907 3687 antechristo
921 3632 984 3686 ΜΤ
1086 3634 1120 3687 lb
1133 3633 1218 3687 onhoc
1230 3632 1266 3686 Μ
1368 3633 1452 3686 inter-

312 3722 436 3790 pretatur
454 3719 526 3785 Μμυ
630 3719 664 3771 16
682 3733 774 3772 uocem
792 3719 856 3773 ΜΤ
950 3717 1057 3778 diabolo
1076 3718 1181 3772 deuicto
1200 3734 1216 3770 o
1315 3719 1451 3786 superato}

312 3805 425 3874 superbo
446 3805 472 3857 Τ
583 3803 615 3857 17
634 3803 827 3871 iuterpretatur
847 3803 918 3870 Mpc
1028 3803 1181 3857 carissimos
1200 3802 1237 3856 M
1240 3805 1248 3832 ¹
1352 3817 1453 3870 aequae

312 3891 355 3954 Μ,
374 3893 456 3958 atque
475 3889 531 3956 Τμ’
660 3903 737 3942 suam
758 3888 784 3941 Τ
908 3886 943 3940 18
960 3890 1073 3941 uocatus
1091 3905 1137 3956 po,
1156 3887 1292 3941 uocitatus
1310 3887 1371 3951 M¹,·
1388 3888 1454 3942 tem

312 3976 331 4029 1.
350 3977 389 4031 20
504 3974 556 4028 tide
574 3974 662 4028 fidelis
681 3974 707 4027 Τ
816 3973 851 4026 20
868 3976 909 4026 est
926 3988 977 4026 om.
996 3992 1017 4040 μ
1137 3974 1330 4041 interpretatur
1348 3972 1419 4041 Μμυ

312 4062 347 4114 21
365 4065 468 4130 patrem
487 4060 534 4113 Μ1
603 4060 637 4114 23
655 4059 795 4113 nominum
812 4059 864 4112 Mc
932 4059 1183 4128 interpretationes]
1203 4059 1238 4122 cs.
1254 4060 1418 4127 p.105,21

314 4162 361 4215 por
378 4147 525 4214 nominap
604 4144 640 4198 24
657 4144 800 4212 designata
818 4146 883 4197 sunt
898 4160 922 4206 o,
942 4142 1069 4212 designat
1089 4144 1115 4196 Τ
1200 4143 1375 4197 structionem
1396 4144 1422 4197 Τ

314 4235 347 4285 ut
365 4249 386 4286 e.
407 4231 435 4286 h.
454 4232 745 4300 interpretationem
764 4231 804 4283 Μ.
