3720 4920
573 348 616 402 Da
634 346 770 417 duplici
789 346 955 415 martyrio
973 363 994 400 c.
1016 345 1124 399 14-17.
1352 345 1413 412 231

281 508 409 580 gentium
425 506 532 566 doctor.
562 508 616 564 hoc
638 509 668 564 at
682 506 719 562 ad
735 509 878 578 martyres
892 509 970 563 recte
984 503 1260 562 accommodabitur:
1287 502 1349 559 nita
1370 501 1417 558 in-

281 609 365 668 firma
378 614 407 668 et
424 610 581 680 contemta,
608 626 685 667 mors
700 607 803 682 grauis
818 625 852 666 ac
867 610 978 681 potens.
1002 607 1059 666 iam
1084 624 1140 664 non
1167 607 1213 664 eet
1224 623 1278 678 par
1291 604 1416 663 omniurn

279 715 436 786 martyrum
448 713 477 770 iu
494 711 645 772 tormentis
661 711 807 780 alacritas,
823 710 1060 782 quemadmodum
1075 724 1128 768 uec
1143 723 1241 767 omnes
1254 708 1354 765 eodem
1365 723 1415 779 ge·

281 828 349 872 uere
364 814 463 873 mortis
478 813 681 888 defunguntur.
698 814 819 873 tresilli
835 813 913 873 beati
928 812 1009 886 pueri
1024 813 1054 871 in
1069 811 1173 871 mediis
1188 810 1311 868 flammis
1333 810 1416 868 inue-

258 928 350 975 snere
365 915 547 988 refrigerium
563 918 592 973 et
607 915 683 989 septi
697 917 819 976 innocuo
835 914 975 974 elemento
991 915 1071 973 uelut
1086 914 1115 971 in
1131 914 1259 973 conclaui
1274 912 1417 971 canebant

278 1017 415 1092 hymnum
430 1017 558 1075 Domino.
580 1018 683 1076 Daniel
698 1019 769 1077 item
784 1018 859 1077 citra
874 1034 976 1076 nexam
992 1017 1106 1075 leonum
1121 1014 1256 1075 sodalitio
1277 1017 1323 1073 eat
1337 1031 1415 1072 usus.

277 1117 379 1178 boatm
393 1119 533 1190 Andreas,
557 1123 590 1177 ιιι
604 1120 694 1179 habet
709 1121 833 1179 humana
847 1119 962 1194 quidem
978 1119 1109 1189 historia,
1126 1118 1176 1176 sed
1191 1117 1265 1174 satis
1279 1116 1416 1190 probatae

278 1219 354 1292 fidei,
370 1220 499 1293 gaudem
514 1221 625 1295 sibique
642 1221 794 1296 gratulans
810 1223 872 1280 ibat
887 1223 923 1280 ad
939 1237 1061 1280 crucem.
1077 1219 1127 1278 olii
1142 1218 1265 1278 diutinis
1280 1235 1314 1277 ac
1324 1218 1415 1276 uariis

276 1322 450 1381 cruciatibus
465 1323 586 1382 subinde
601 1326 762 1384 moriuntur
777 1341 829 1382 nee
845 1327 941 1383 nmen
956 1326 1047 1382 morte
1063 1325 1149 1382 datur
1171 1320 1254 1380 linire
1276 1320 1412 1380 dolorem.

243 1426 325 1483 uest
338 1425 429 1498 igitur
443 1429 474 1484 et
489 1426 561 1485 illud
577 1427 637 1485 ueri
660 1428 797 1500 martyris
813 1430 866 1487 hoc
893 1442 1004 1500 quoque
1019 1428 1111 1484 totum
1128 1424 1249 1482 arbitrio
1266 1423 1319 1482 Dei
1334 1440 1413 1482 com·

276 1526 399 1586 mittere.
423 1527 505 1585 uouit
519 1527 569 1586 ille
584 1527 653 1601 quid
669 1528 804 1603 expediat
818 1528 902 1588 uobis
926 1531 956 1587 et
970 1528 1038 1601 quid
1055 1528 1091 1585 ad
1107 1526 1200 1600 ipsius
1215 1525 1337 1599 gloriam
1352 1543 1415 1584 ma·

276 1628 351 1687 xime
366 1628 544 1688 conducibile
560 1630 609 1690 sit.
633 1633 747 1689 tantum
763 1630 836 1688 illud
851 1631 966 1689 assidue
981 1629 1164 1702 cogitandum
1179 1630 1239 1686 est:
1267 1627 1347 1686 siue
1362 1627 1414 1684 ui-

273 1729 396 1788 uimus
425 1731 504 1789 siue
527 1732 716 1803 morimur,
751 1731 894 1791 Domini
930 1749 1065 1790 sumus.
1096 1748 1148 1789 uec
1177 1730 1233 1788 eibi
1264 1727 1415 1801 quiequam

275 1830 439 1905 displiceat,
466 1834 491 1890 si
518 1851 634 1906 corpore
661 1836 771 1909 pariter
787 1845 817 1894 et
833 1836 928 1895 auimo
955 1836 1063 1895 sentiat
1085 1848 1203 1907 grauem
1225 1849 1259 1890 ac
1272 1831 1414 1889 diutinam

239 1933 453 2006 remolestiam,
484 1938 595 1995 tantum
620 1936 691 1996 fidat
717 1938 743 1995 ei
770 1939 814 1996 cui
832 1943 932 1997 certat.
964 1938 997 1995 is
1019 1954 1087 1995 non
1110 1934 1280 2008 patietur
1301 1949 1413 2006 qnem-

273 2053 374 2110 quam
398 2039 541 2097 tentari
564 2057 677 2113 supra
710 2041 746 2098 id
779 2041 873 2114 quod
907 2043 1049 2113 potest,
1079 2040 1140 2098 sed
1163 2037 1281 2096 iaciat
1302 2035 1413 2094 etiam

273 2154 348 2197 cum
371 2141 586 2200 tentatione
609 2146 795 2214 prouentu
805 2162 841 2201 m.
866 2144 1004 2217 quosdam
1020 2144 1125 2200 electos
1141 2140 1285 2197 interdum
1300 2138 1412 2209 patitur

271 2240 303 2298 iu
317 2242 469 2300 tormentis
483 2243 614 2314 deficere,
630 2248 663 2301 ιιι
678 2248 838 2317 agnoscant
849 2244 1078 2304 imbecillitatem
1090 2260 1181 2312 suam,
1197 2245 1284 2313 atqup
1296 2239 1421 2321 eosdem

271 2344 338 2414 post
351 2343 523 2402 fortissimos
539 2345 634 2402 reddit
648 2346 678 2403 iu
694 2347 860 2404 certamine.
877 2347 930 2404 hac
945 2344 1159 2418 dispensatione
1174 2345 1278 2400 Petrus
1293 2344 1338 2398 ter
1353 2338 1406 2397 ab·

237 2446 391 2518 ronegauit
407 2446 567 2517 Dominum,
595 2450 628 2504 ut
643 2448 762 2506 edoctus
778 2465 863 2520 quam
891 2447 965 2507 nihil
978 2453 1078 2520 posset
1103 2447 1163 2504 suis
1179 2444 1291 2503 uiribus
1306 2441 1408 2501 confir·

270 2550 363 2605 maret
379 2548 483 2606 iratres
499 2566 574 2607 suos
602 2551 741 2622 quomodo
757 2553 854 2609 autern
870 2550 1070 2609 confirmaret?
1097 2554 1130 2607 ιιι
1146 2548 1201 2606 sibi
1217 2544 1306 2604 diffisi
1333 2542 1406 2601 lidu-

271 2649 345 2706 ciam
361 2665 470 2707 omnem
485 2649 658 2709 collocarent
674 2651 703 2708 in
716 2651 847 2710 Domino.

316 2751 372 2810 Sed
387 2752 443 2810 iam
459 2755 573 2825 tempus
589 2758 648 2824 ost,
665 2757 698 2811 ut
714 2754 749 2812 de
764 2752 856 2812 altero
879 2755 1010 2828 martyrii
1025 2771 1128 2828 genere
1142 2753 1319 2812 disseramus
1339 2747 1455 2809 cari-17

274 2853 330 2912 tati
345 2857 421 2922 tuae,
439 2856 473 2912 de
486 2871 542 2927 quo
555 2855 642 2913 etiam
659 2856 821 2915 accuratius
837 2860 882 2914 est
897 2855 1109 2929 disputandum,
1126 2856 1200 2928 quod
1215 2853 1358 2912 occultum
1374 2852 1413 2911 sit

239 2957 305 3014 aset
315 2955 440 3013 omnium
456 2957 615 3029 temporum
626 2973 790 3017 commune:
809 2974 900 3031 neque
915 2959 991 3018 enim
1004 2974 1115 3031 semper
1126 2956 1259 3016 saeuiunt
1269 2955 1410 3025 Nerones,

272 3055 455 3129 Diocletiani,
471 3057 551 3117 Decii
562 3075 596 3116 ac
607 3059 773 3118 Maximini:
791 3077 946 3133 numquam
962 3063 1058 3118 tamen
1074 3062 1166 3118 cessat
1180 3057 1311 3116 diabolus
1327 3073 1410 3116 exer·

275 3173 339 3218 care
355 3158 462 3218 Christi
478 3160 614 3220 militiam
628 3162 783 3234 professos.
812 3167 842 3221 et
866 3164 1000 3222 fortassis
1026 3165 1109 3222 erunt
1138 3160 1258 3234 posthac
1284 3161 1408 3219 donante

273 3260 388 3319 Christo
404 3265 543 3334 tempora,
570 3263 675 3335 quibus
700 3265 798 3323 nullae
825 3269 1009 3338 tyrannorum
1035 3264 1249 3336 persecutiones
1276 3261 1412 3334 affligent

273 3361 438 3423 ecclesiam:
461 3381 615 3439 numquam
630 3367 727 3424 tamen
743 3365 880 3426 defutura
895 3371 963 3426 sunt
980 3366 1144 3437 certamina,
1162 3382 1316 3438 numquam
1331 3381 1408 3423 mar·

239 3464 351 3538 satyria
365 3466 469 3538 quibus
485 3467 614 3526 homines
629 3468 670 3541 pii
686 3468 850 3540 glorificent
866 3470 967 3527 Deum.
996 3469 1117 3528 ecclesia
1131 3469 1245 3541 quidem
1261 3467 1355 3526 adhuc
1378 3466 1407 3523 iu

272 3566 327 3624 boc
341 3566 441 3625 exsilio
459 3567 589 3627 militans
612 3569 807 3642 peculiaribus
822 3571 938 3643 gaudiis
953 3570 1103 3644 applaudit
1118 3570 1171 3640 iis,
1187 3571 1235 3643 qui
1251 3571 1281 3627 iu
1296 3569 1408 3644 proies·

272 3668 351 3728 sione
374 3669 496 3728 nominis
512 3671 579 3730 Iesu
602 3672 713 3731 animas
735 3689 803 3732 suas
825 3673 951 3733 fideliter
973 3675 1174 3747 deposnerunt,
1200 3675 1231 3732 et
1256 3673 1292 3731 ad
1308 3673 1411 3731 horum

272 3771 423 3831 memorias
438 3789 623 3845 magnacum
638 3775 791 3834 alacritato
806 3777 1001 3836 concurritur:
1030 3776 1081 3834 sod
1108 3776 1231 3835 caeleste
1253 3776 1409 3844 theatrum,

272 3873 439 3947 augelorum
454 3875 598 3949 myriades
613 3877 643 3934 et
658 3877 799 3935 iustorum
820 3895 885 3936 cum
910 3878 1024 3936 Christo
1047 3877 1229 3950 regnantium
1244 3877 1409 3935 inunmera-

238 3975 343 4038 rebilis
357 3978 478 4051 populus
506 3979 687 4052 applaudunt
713 3981 857 4053 omnibus,
888 3981 938 4054 qui
960 3981 1098 4040 sinceram
1115 3980 1198 4039 iidem
1215 3984 1243 4038 et
1259 3977 1408 4038 caritatem

342 4230 375 4281 ra
394 4229 467 4282 eom.
490 4233 529 4290 ιι,
548 4234 572 4284 a.
682 4232 715 4282 rr
733 4230 745 4283 1
765 4229 823 4283 cor.
844 4234 884 4295 ro,
905 4233 949 4285 13.
