3720 4920
362 331 388 379 X

363 483 459 530 conoe
470 465 572 531 sedent
586 484 679 529 snam
692 481 857 548 opnoseere
866 467 1012 546 poseant.
1029 462 1130 528 isdem
1146 461 1208 527 iere
1222 461 1326 527 uerbis
1338 460 1495 527 Veronen-

364 574 408 639 sis
422 576 557 639 aetatem
572 575 716 639 Latinius
731 574 890 657 praedicat
904 573 938 638 in
949 571 1148 638 Btbtiotbeca
1162 591 1256 636 sacra
1271 572 1360 637 uelut
1373 592 1404 655 p.
1417 570 1495 649 116,

363 686 443 752 178:
474 685 679 752 Veronensem
699 703 752 768 epo
771 703 838 749 non
857 689 933 749 ante
948 688 1120 768 nonpcntos
1134 703 1238 749 annos
1252 682 1306 749 sect
1319 687 1395 748 ante
1408 680 1497 746 66116

362 797 516 879 scriptam
535 816 598 861 csse
620 795 841 872 contenderim,
861 795 940 860 item
959 795 1077 860 Latinii
1096 795 1286 879 biographus
1306 813 1336 877 p.
1358 795 1389 860 3.
1413 794 1496 858 bunc

362 906 500 973 codicem
526 926 545 972 a
570 906 725 972 canonicis
753 904 983 971 Veronensibus
1013 903 1164 971 cardinali
1193 901 1300 970 carolo
1326 904 1496 969 Boromaeo

311 1036 314 1044 ·
363 1017 441 1082 dono
464 1018 574 1082 datum
594 1018 627 1081 et
641 1016 674 1081 in
695 1017 761 1081 eius
784 1015 974 1081 bibliotheca
997 1017 1192 1082 asseruntum
1215 1014 1310 1079 fuisso
1332 1013 1425 1080 testie
1446 1014 1496 1104 est

361 1127 523 1193 Manutius
534 1127 568 1192 in
579 1125 808 1211 Ortbograpbia
818 1145 843 1191 s.
856 1146 887 1190 u.
900 1126 1025 1191 entctto.
1042 1143 1120 1208 quae
1135 1123 1202 1190 fata
1216 1124 1327 1190 deinde
1340 1122 1496 1202 habuerit,

361 1235 418 1301 ubi
441 1236 570 1320 perierit
594 1237 749 1302 nescimus
775 1234 829 1321 (cf.
850 1235 957 1301 Mnffei
979 1233 1090 1316 Opnsc.
1116 1234 1216 1300 coclea
1242 1234 1314 1314 106,
1341 1233 1495 1300 Mabillon

361 1345 430 1411 Iter
445 1346 590 1411 11611666
610 1345 724 1430 (1681)
743 1366 775 1428 p.
792 1346 844 1424 23,
866 1346 979 1410 Blume
994 1345 1062 1410 Iter
1076 1345 1221 1410 11611666
1241 1345 1258 1409 Ι
1275 1363 1305 1427 p.
1322 1344 1396 1423 556,
1418 1343 1493 1420 sot,

364 1454 450 1542 149).
473 1456 528 1521 sed
548 1456 722 1537 permultae
744 1455 810 1521 eius
826 1453 1010 1521 adferuntur
1029 1455 1213 1539 scripturae,
1232 1454 1345 1536 quibus
1360 1453 1497 1536 undique

361 1565 493 1630 conlatis
513 1566 695 1647 plenissima
715 1566 753 1630 de
767 1567 880 1631 natura
899 1583 937 1631 ec
957 1565 1075 1630 uirtute
1096 1566 1171 1631 libri
1192 1564 1328 1630 efficitur
1345 1563 1491 1648 cognitio.

362 1694 424 1757 qua
443 1675 525 1740 inre
547 1693 618 1739 cum
640 1674 787 1758 Cypriani
810 1675 944 1740 editores
966 1674 1183 1758 neglegentius
1205 1674 1323 1739 uersari
1345 1674 1496 1751 uiderem,

361 1783 395 1849 in
409 1782 511 1849 fontes
532 1783 614 1848 unde
634 1785 807 1867 scripttuae
821 1785 896 1850 illae
911 1783 1068 1849 fluxerunt
1082 1784 1259 1851 accuratius
1273 1784 1495 1866 inquirendum

362 1893 495 1959 decreui.
520 1895 613 1977 atque
635 1895 726 1978 longe
748 1897 888 1961 maxima
909 1915 981 1979 pars
1002 1914 1038 1960 en
1053 1896 1173 1961 Latinii
1196 1895 1320 1962 seriniis
1341 1894 1419 1978 ipsis
1441 1895 1496 1959 de·

360 2004 508 2087 prompta
518 2004 575 2082 est,
589 2022 624 2068 ex
636 2005 750 2086 quibus
762 2006 828 2070 eius
838 2003 1079 2070 Obsennotn‘ones
1089 2005 1290 2070 correctiones
1301 2003 1498 2069 coniectores

361 2112 400 2177 16
421 2131 527 2177 saeros
549 2115 577 2176 et
594 2114 751 2196 profanos
776 2114 944 2193 6661616666
968 2115 1002 2179 16
1024 2114 1141 2179 librum
1168 2114 1222 2196 qui
1236 2114 1353 2180 Romae
1378 2113 1499 2197 prodiit

361 2241 389 2288 a.
420 2222 503 2287 1577
529 2221 728 2287 Bibliotheca
756 2241 851 2287 saera
876 2226 904 2287 et
925 2223 1071 2304 profana
1100 2223 1285 2306 inscriptum
1312 2222 1496 2288 Dominicns

361 2315 486 2398 Maurus
508 2333 677 2416 congessit3
709 2333 762 2397 ssd
784 2334 911 2398 tenuem
932 2333 966 2398 in
988 2332 1038 2398 bis
1059 2333 1134 2398 libri
1148 2332 1334 2399 Veronensis
1356 2332 1497 2399 inuenies

199 2463 294 2508 cernue
312 2442 556 2525 memoriam,
580 2443 734 2524 quianon
757 2442 818 2507 nisi
842 2461 922 2524 qnae
942 2443 1088 2508 Latinius
1111 2443 1245 2508 secunda
1268 2461 1343 2508 eura
1365 2442 1496 2509 editioni

245 2531 307 2575 ‘¹⁸¹¹'
361 2550 562 2616 Pamelianae
592 2549 706 2638 (1668)
736 2554 826 2616 notae
862 2553 1070 2635 adscripscrat
1104 2554 1237 2618 edendas
1266 2554 1323 2618 ille
1353 2552 1491 2619 curabat.

361 2660 453 2725 antea
478 2678 551 2726 uero
576 2678 648 2725 cum
675 2661 793 2726 iustam
822 2662 992 2728 editionem
1021 2663 1194 2740 adornaret,
1227 2663 1345 2728 multos
1375 2663 1495 2728 codices

361 2769 443 2834 inter
458 2786 535 2852 quos
550 2769 758 2836 Veronensem
770 2770 938 2838 vaticanos
953 2770 1196 2854 Neapolitanum
1211 2774 1396 2852 contulerat,
1419 2791 1496 2856 quo-

361 2898 433 2945 rum
447 2878 585 2945 subsidio
601 2881 768 2961 permultis
783 2881 862 2946 locis
877 2881 1039 2964 scriptoris
1053 2881 1148 2946 uerba
1162 2882 1352 2966 caabgabet,
1366 2881 1494 2966 religio-

361 2988 428 3056 sius
452 2989 486 3055 in
512 3007 547 3055 eo
572 2990 697 3074 nogotio
727 2993 871 3056 uersatus
902 3009 997 3074 qaam
1022 2990 1076 3073 qui
1103 2990 1274 3056 editionem
1300 2993 1333 3057 in
1358 2993 1495 3058 Manutii

362 3101 486 3167 officina
508 3100 738 3182 inprimendam
763 3102 930 3178 curabant;
953 3101 992 3167 de
1014 3120 1145 3184 quorum
1169 3101 1299 3167 libidine
1319 3103 1369 3168 his
1391 3103 1496 3168 uerbis

362 3211 502 3294 queritur
525 3211 558 3274 in
579 3211 669 3291 epist.
693 3211 732 3276 ad
754 3212 891 3277 blasium
905 3213 939 3276 11
961 3231 991 3293 p.
1015 3212 1093 3277 109:
1117 3209 1167 3274 De
1190 3211 1353 3293 Cypriane
1370 3216 1450 3294 pcto
1469 3217 1498 3278 16

361 3319 464 3386 nescio
487 3319 565 3400 66161
581 3319 789 3400 praeclaram
809 3326 995 3402 exspectare,
1017 3322 1070 3388 sed
1090 3324 1234 3405 frastra;
1257 3323 1434 3388 nonatum
1453 3327 1497 3388 ast

360 3450 383 3494 6
403 3448 451 3494 nee
471 3428 639 3512 dittpntter
662 3449 700 3495 ac
720 3449 846 3495 summa
866 3432 937 3514 fide,
963 3432 1066 3497 nentto
1088 3434 1234 3498 restituto
1255 3438 1341 3512 sunt,
1366 3433 1498 3498 additas

360 3539 457 3604 ettam
477 3559 582 3621 paene
607 3540 711 3605 instas
736 3541 943 3622 epistolarum
966 3542 1053 3608 tion.
1084 3542 1305 3609 Veruntamen
1326 3543 1499 3626 6111111661

361 3649 441 3715 satis
461 3669 527 3715 non
545 3653 654 3730 potest,
674 3651 802 3733 qnando
822 3652 1026 3733 qnornndom
1041 3652 1204 3719 1661666
1220 3653 1352 3719 11111166
1366 3673 1433 3719 non
1447 3657 1498 3717 sot

360 3760 434 3839 scio,
449 3780 495 3824 an
503 3759 682 3841 prodentia
697 3761 895 3826 commissum
910 3766 1014 3840 66161
1029 3767 1139 3828 contra
1153 3764 1343 3845 scriptorum
1356 3763 1497 3829 6611666

359 3870 455 3952 fidens
469 3867 631 3934 66666116
645 3875 766 3935 retenta
780 3871 856 3950 sint,
880 3872 993 3953 611666
1008 3873 1104 3938 61166
1120 3874 1243 3953 addito,
1260 3874 1409 3956 plurima
1422 3891 1497 3939 nero

362 3980 459 4065 (onoc
473 3985 580 4046 tannen
596 3981 639 4046 ad
653 3981 889 4063 een'petnrarnm
903 3983 1003 4048 citato
1013 3984 1139 4064 passim
1153 3985 1334 4050 testimonio
1341 3986 1498 4072 pertinet)

362 4092 541 4171 1161661616,
565 4097 601 4157 61
627 4112 724 4175 qnam
747 4093 820 4175 ficri
844 4093 978 4158 minione
997 4098 1102 4176 posset
1127 4116 1149 4158 a
1174 4095 1310 4181 6616616
1335 4115 1499 4162 sacrornm

361 4202 545 4270 Bebto'onnne
568 4204 703 4270 editione
725 4204 951 4287 discreparent.
981 4204 1070 4282 Qnoe
1091 4207 1244 4293 16616611,
1266 4211 1302 4273 61
1323 4227 1362 4273 ne
1384 4226 1499 4273 661666
