3720 4920
413 331 514 379 nxxn

413 465 552 533 alieuius
571 466 845 550 iuterpretouseuti
859 472 991 550 propter
1009 467 1192 548 tyrunculos
1210 467 1362 549 quosdam
1379 466 1545 532 literarioe

411 577 578 660 facultatis
588 577 731 662 iudipere
742 578 885 663 ueduet
900 582 933 644 et
943 578 1077 644 indicem
1088 579 1233 645 enbieeit.
1249 578 1438 662 exemplaria
1447 578 1544 644 huius

413 688 560 754 editionis
580 707 640 754 non
661 708 727 755 esse
748 708 818 754 raru
832 688 1033 754 Audiffredus
1049 687 1236 775 (Cototopus
1255 689 1544 754 distorieeeritious

412 797 636 862 Rouoeemum
657 799 832 863 editionum
855 818 934 865 sues.
953 798 1028 863 XV
1044 818 1073 881 p.
1091 799 1167 883 140)
1191 800 1296 874 doeet;
1322 799 1391 883 ipse
1413 798 1544 875 adhibui

412 909 493 991 quod
508 909 542 975 in
557 909 746 976 bibliotheoe
756 908 987 975 vindobonensi
1003 910 1180 975 asseruntur
1194 909 1275 995 sign.
1292 910 1322 976 5.
1333 911 1374 975 D.
1388 909 1439 1004 19.
1454 926 1542 974 mera

247 1029 402 1074 111101·ιο
411 1018 557 1085 editionis
571 1019 721 1102 prineipis
736 1020 882 1102 repetitio
896 1021 945 1085 est
959 1037 1085 1102 eaquae
1100 1020 1208 1085 eodem
1223 1036 1302 1085 auno
1312 1018 1454 1085 Venetiie
1467 1035 1543 1102 pro·

266 1100 388 1143 ”¹⁴²2
411 1128 482 1207 ms,
499 1129 705 1195 euiusinfins
718 1130 854 1215 legitur:
870 1126 1184 1210 mquouruuuau
1201 1108 1544 1210 7000000000.

410 1257 474 1302 mm
495 1239 660 1321 Artificem
682 1241 739 1321 qui
759 1239 924 1321 Epistulas
949 1238 1047 1304 Beati
1068 1238 1228 1321 Cyprium
1252 1238 1356 1304 reddit
1381 1240 1420 1302 iu
1443 1239 1544 1303 iucem

412 1347 461 1412 M.
478 1347 593 1414 0000.
611 1348 740 1413 LXXI
743 1371 754 1428 ;
774 1350 855 1414 unde
875 1350 955 1414 miro
975 1367 1075 1414 errore
1095 1349 1157 1413 uiri
1179 1350 1264 1414 docti
1281 1366 1351 1414 earn
1366 1347 1544 1432 Spirensem

411 1458 499 1541 quasi
514 1456 622 1540 Spirae
643 1458 798 1540 prodisset
820 1458 973 1524 dixerunt.
997 1458 1188 1525 obeditione
1209 1458 1349 1542 principe
1369 1459 1494 1525 nonnisi
1509 1459 1543 1524 in

411 1567 503 1632 rebus
525 1568 773 1651 orthographicis
793 1568 908 1649 differt,
931 1587 1047 1634 nouum
1068 1570 1198 1636 aeeeseit
1217 1569 1298 1634 nihil
1313 1570 1437 1651 praeter
1450 1587 1542 1633 men·

411 1675 522 1742 dorum
543 1695 710 1742 numerum
730 1677 1037 1761 typographioorum3
1064 1698 1138 1745 nam
1160 1679 1214 1762 qui
1234 1698 1304 1744 eam
1324 1679 1541 1744 oorreotiorem

410 1786 542 1852 laudant
571 1805 744 1869 numquam
772 1787 942 1870 inspexisse
971 1789 1127 1856 uidentur.
1163 1790 1321 1874 exemplar
1349 1788 1544 1854 bibliotheca

248 1895 659 1962 resonaevmdobonensis
688 1880 828 1964 asserunt
854 1900 934 1984 sign.
958 1899 1051 1964 51).
1079 1900 1127 1966 18.
1157 1900 1241 1965 idem
1267 1899 1354 1965 ualet
1379 1899 1418 1965 de
1443 1900 1544 1965 altera

264 1973 388 2017 ”m
412 2006 531 2071 veneta
549 2025 578 2070 a.
596 2006 690 2085 1483,
713 2007 802 2072 surus
823 2007 856 2072 in
877 2008 961 2073 caree
982 2009 1100 2073 onus:
1125 2008 1210 2073 nui
1228 2009 1361 2076 euerso
1380 2007 1544 2090 eumer

410 2116 479 2181 uiri
488 2116 686 2181 mudissimi
697 2120 726 2181 et
736 2116 982 2198 eloquentissimi
995 2118 1144 2199 epistoim
1157 2120 1353 2186 000001ὼεί000
1367 2120 1544 2201 recoquitus

411 2225 516 2291 luteas
533 2225 665 2291 Venetus
672 2223 837 2290 Domiuiei
846 2226 937 2309 pitius
946 2227 1041 2291 solito
1051 2227 1222 2310 ditipeutiu
1229 2229 1391 2309 impressit
1407 2228 1545 2293 Veuetiis

411 2355 499 2401 0000
518 2334 635 2401 solutis
651 2336 702 2400 M.
718 2334 836 2402 0000.
850 2336 1054 2401 LXXXIII.
1081 2336 1195 2402 Pridie
1215 2339 1330 2403 Nouos
1348 2336 1542 2403 Deeeudres.

411 2465 489 2511 nam·
505 2444 626 2511 inedita
649 2464 727 2527 quae
747 2445 837 2510 illam
858 2446 1000 2511 exhihere
1019 2446 1201 2513 fabulantur
1220 2448 1308 2513 nulla
1329 2449 1414 2525 sunt,
1438 2465 1495 2511 neo
1508 2447 1544 2512 in

411 2556 526 2641 ordine¹
539 2556 596 2619 ant
611 2555 645 2619 in
659 2555 823 2638 seripturis
845 2557 989 2622 editionis
1004 2556 1161 2623 Romanae
1180 2559 1354 2624 lenissimis
1374 2559 1468 2623 rebus
1488 2576 1542 2623 ex·

397 2661 510 2748 'septis
521 2666 689 2748 quiequam
700 2666 749 2731 est
759 2666 928 2732 mutatum.
940 2667 994 2732 sed
1003 2667 1136 2752 singulis
1144 2667 1288 2750 epistulis
1297 2666 1478 2750 libellisque
1489 2664 1545 2748 qui

411 2776 527 2858 partim
550 2777 704 2841 tractatus
719 2775 839 2859 purtim
853 2795 1008 2842 sermones
1023 2778 1235 2842 inscribuntur
1248 2777 1421 2843 summaria
1435 2776 1544 2842 breuia

410 2886 656 2968 praemittuntur
689 2885 858 2969 eademque
887 2887 919 2951 in
949 2887 1090 2952 tabulam
1119 2887 1246 2954 reducta
1274 2888 1345 2970 post
1374 2887 1544 2970 epistolum

410 2996 635 3062 dedicatoriam
660 2996 695 3063 0.
718 2995 756 3059 de
779 2993 818 3060 P.
834 2995 945 3061 Iueoto
966 2995 1155 3061 (1000010010
1176 2997 1243 3062 eiui
1264 3001 1373 3061 000010
1395 2997 1545 3078 seriptum

411 3106 570 3189 leguntur,
581 3110 655 3189 post
663 3126 700 3173 ea
708 3106 892 3189 Hieronymi
905 3107 937 3172 et
947 3107 1102 3172 Laetantii
1112 3108 1293 3173 testimonia
1304 3108 1343 3173 de
1351 3106 1383 3172 S.
1392 3105 1545 3190 Cypriane

412 3215 534 3282 adiecta
556 3218 639 3282 eunt.
666 3215 823 3300 exemplar
845 3218 1024 3282 asseruntur
1046 3218 1080 3281 in
1102 3216 1291 3283 bibh0theea
1312 3215 1544 3282 vindobonensi

412 3328 492 3411 sign.
510 3328 561 3392 16.
576 3327 610 3393 F.
626 3329 656 3394 9.
678 3328 806 3393 maioris
829 3329 980 3393 momenti
1002 3331 1075 3393 sunt
1097 3329 1248 3394 editiones
1269 3330 1349 3394 dnae
1369 3348 1394 3394 s.
1410 3326 1433 3392 l.
1455 3329 1487 3393 et
1502 3347 1543 3407 0.,

245 3457 324 3503 rrius
334 3459 402 3502 nn-
411 3456 544 3521 querum
555 3456 651 3503 unum
662 3437 746 3503 eirea
757 3456 874 3503 annum
887 3437 969 3502 1477
982 3437 1064 3521 apud
1073 3438 1242 3504 hibertum
1248 3438 1363 3503 Kunue
1373 3437 1412 3503 de
1419 3438 1544 3503 Dnder-

259 3524 388 3580 'W‘
411 3549 496 3614 stadt
517 3548 798 3632 Memmingeneem
820 3548 1005 3629 impressam
1027 3566 1093 3613 esse
1111 3548 1232 3614 Panzer
1253 3547 1394 3632 (dunat.
1417 3552 1482 3629 typ.
1496 3547 1543 3613 IV

413 3660 475 3724 119
486 3679 516 3724 ιι.
528 3657 607 3743 407)
622 3659 655 3722 01
666 3657 745 3722 Lud.
756 3656 842 3721 Hain
854 3655 947 3742 (Rep.
963 3661 1027 3738 typ.
1043 3658 1102 3736 12,
1117 3658 1182 3723 220
1192 3679 1222 3724 n.
1235 3658 1336 3743 5895)
1349 3659 1470 3727 docent.
1486 3656 1545 3740 qui

412 3788 481 3836 eam
493 3767 623 3834 curabat
635 3766 785 3850 epistulas
796 3766 1077 3849 libellosquennllo
1088 3768 1194 3833 ordine
1206 3767 1394 3834 editionibus
1405 3766 1546 3832 exhibita

411 3881 445 3946 in
460 3883 581 3946 eertum
603 3876 759 3960 quendam
773 3877 912 3943 ordinem
928 3876 1065 3962 digerere
1079 3878 1126 3943 ita
1140 3879 1268 3944 eouutus
1284 3879 1341 3957 est,
1368 3879 1406 3942 ut
1419 3877 1545 3943 libellos

332 4036 335 4043 ·
412 3990 625 4075 epistulasque
639 3987 773 4054 maiores
783 3987 902 4053 libellis
914 3986 1081 4054 similiores
1091 4007 1187 4071 quam
1197 3987 1342 4071 epistulis
1353 3987 1547 4070 praeciperet

413 4101 563 4185 epistulas
575 4099 712 4183 reliquas
722 4099 766 4164 eis
775 4098 972 4184 subiungens.
984 4099 1093 4164 tabule
1101 4099 1306 4181 epistularum
1314 4099 1485 4183 praemissa
1493 4118 1547 4165 ex·

413 4214 476 4279 stet
483 4212 660 4296 inscriptio:
672 4208 785 4293 Ceeitij
794 4207 947 4292 Cipueioui
954 4208 1108 4292 Episcopi
1115 4210 1352 4295 eartopiueusis
1360 4209 1546 4275 etmurtiris
