3720 4920
1489 370 1529 418 ¹1

387 507 515 591 paidom
529 526 633 574 menm
647 527 670 572 a
685 504 840 572 Manatio
848 509 979 587 paterer
993 505 1059 572 atis
1072 504 1163 572 modo
1176 503 1333 570 adscribi:
1353 523 1418 569 non
1432 503 1529 584 enin,

387 624 424 684 nt
447 618 543 684 malti
566 620 702 702 fortasse
727 617 922 696 existimant,
953 618 1020 684 icere
1044 619 1135 699 apud
1160 636 1209 680 me
1234 615 1356 682 crimen
1376 635 1530 697 nmquam

383 730 564 813 potabitur,
583 734 641 794 ant
663 727 831 794 acritatem
850 727 965 794 celasse
984 732 1043 792 ant
1064 727 1194 793 manino
1215 726 1391 792 litteratam
1413 727 1531 794 immn-

389 845 479 906 tassc.
503 840 696 925 ascoperam
716 839 829 904 mattis
841 839 971 922 aipiliis
984 844 1013 904 et
1028 839 1188 905 tabernias
1202 840 1359 922 quaedam
1373 841 1471 905 etiam
1485 839 1530 906 ad

391 950 593 1016 dimidiando
607 950 675 1016 loca
690 949 811 1031 aliquot
825 950 1015 1028 obscuriora,
1027 950 1189 1030 parabam
1203 950 1300 1014 etiam
1314 949 1531 1031 1888888888-

389 1063 466 1128 dam
488 1061 782 1139 annotatinnmeias,
804 1061 843 1125 in
862 1060 978 1145 onibus
993 1065 1068 1142 post
1088 1061 1204 1126 narias
1225 1060 1366 1125 codicem
1386 1060 1531 1126 lectiones
1617 1108 1620 1114 -

389 1172 560 1253 indicatas,
586 1172 665 1253 qnid
690 1172 828 1236 manime
853 1189 949 1234 essem
975 1175 1097 1235 semitas
1123 1169 1320 1235 ostenderam.
1348 1169 1410 1236 Sed
1435 1170 1476 1235 ab
1497 1189 1532 1236 eo

392 1281 496 1347 latore
520 1280 681 1363 supersedi
704 1281 761 1347 etc.
788 1281 845 1347 has
873 1282 958 1365 ipsas
984 1283 1062 1365 puto
1091 1281 1201 1346 breues
1227 1299 1304 1362 quas
1330 1280 1408 1346 dicit
1433 1299 1531 1346 anno·

393 1393 583 1459 tatiunculas
612 1391 664 1457 nel
689 1390 834 1456 Latinius
859 1391 927 1474 ipse
954 1390 1007 1456 nol
1033 1391 1116 1457 alius
1142 1390 1174 1455 in
1201 1392 1358 1474 exemplar
1383 1389 1530 1456 editionis

389 1502 591 1569 Mmutianae
605 1500 828 1584 transscripsit,
844 1501 927 1566 unde
941 1500 974 1566 in
990 1501 1054 1566 8118
1067 1501 1247 1584 migrarunt
1261 1501 1400 1567 eiusdem
1416 1500 1531 1566 editio·

389 1614 438 1679 nis
449 1613 646 1696 exemplaria,
663 1612 755 1694 quale
770 1613 950 1677 asseruntur
960 1612 994 1677 in
1007 1611 1197 1678 bibliotheca
1208 1612 1305 1677 Acad.
1319 1610 1529 1697 Gottingensi,
1538 1633 1598 1677 888
1607 1634 1694 1676 nnn

391 1725 474 1807 quod
495 1743 524 1789 8.
546 1724 629 1789 1737
651 1722 762 1788 Jacobi
783 1721 910 1788 Soranzi
931 1724 963 1788 et
985 1723 1097 1787 deinde
1116 1721 1245 1804 Josephi
1265 1721 1371 1787 Smith
1392 1701 1695 1822 88888118ξ’,ζξζξῑξῖἶζμ

390 1834 537 1899 Britanni
559 1834 642 1916 apud
657 1832 790 1898 Venetos
812 1831 910 1897 fuisse
933 1833 1138 1913 inscriptione
1160 1832 1300 1897 discitur.
1325 1850 1365 1897 ne
1384 1850 1458 1897 nero
1478 1851 1529 1897 me
1551 1836 1685 1948 2¹:¹¹⁰?

278 2031 283 2039 ¹
390 1944 448 2010 hoc
470 1962 557 2010 mera
579 1942 756 2008 coniectura
778 1941 915 2007 statuere
938 1941 1045 2007 credas
1059 1940 1179 2006 Letinii
1201 1941 1300 2024 ipsine
1314 1942 1530 2009 adnotationes
1560 1916 1676 2018 ,82ᾆῲ

391 2053 515 2120 criticas
532 2051 732 2136 Gottingenai
747 2050 918 2133 exemplari
934 2053 1064 2129 seruari,
1085 2071 1199 2135 paucas
1214 2053 1365 2135 quasdam
1380 2054 1529 2131 adferam,

390 2166 534 2247 poteram
556 2162 667 2228 addere
691 2163 797 2248 plura:
821 2164 861 2227 ad
884 2162 982 2228 uerba
1003 2162 1099 2227 huius
1122 2162 1268 2227 editionis
1288 2182 1318 2244 p.
1334 2163 1453 2241 542‚14
1473 2163 1530 2228 ad·
1553 2232 1556 2237 ,

393 2273 540 2338 scn'bitnr
560 2273 595 2338 in
609 2274 689 2339 libro
705 2272 904 2357 Gottingensi
925 2264 1034 2353 ‘qnam
1048 2272 1101 2336 nis
1124 2271 1161 2349 V,
1181 2293 1278 2353 qnam
1292 2273 1351 2336 nia
1365 2261 1530 2338 Latinias'

394 2383 447 2469 (ci.
461 2403 494 2467 p.
509 2381 654 2468 aeolo),
672 2402 702 2464 p.
719 2384 836 2462 351‚14
851 2384 891 2448 ad
906 2382 1002 2448 uerba
1017 2385 1045 2447 et
1059 2383 1205 2447 conuersi
1219 2382 1342 2447 elidant
1356 2403 1412 2448 nos
1425 2375 1496 2450 ‘mn
1513 2403 1532 2448 o

307 2471 311 2484 ’
394 2493 430 2577 [i.
447 2512 474 2558 8.
496 2495 617 2576 omna]
633 2497 763 2574 aare
785 2490 820 2555 V.
836 2496 865 2555 1.
882 2496 898 2555 8
918 2489 1532 2585 [181818818808888881385

393 2601 506 2667 tabent
534 2623 640 2668 mnnes
665 2603 782 2669 codices
806 2592 890 2696 ia'tl.
920 2602 1063 2686 margine
1092 2602 1211 2667 resecta
1239 2602 1378 2685 reliquae
1407 2603 1532 2668 litterae

392 2711 495 2777 tinias
514 2713 682 2795 perierunt.
702 2733 733 2795 p.
749 2712 847 2792 213,4
869 2730 947 2794 quae
966 2712 1005 2777 de
1019 2712 1138 2797 insigni
1159 2711 1216 2777 ille
1236 2712 1475 2794 interpolatione
1490 2713 1531 2779 ad

394 2821 482 2887 Petri
505 2822 679 2906 primatum
702 2820 862 2904 spectante
885 2821 1075 2886 adnotantur
1090 2821 1208 2886 Latinii
1233 2840 1299 2888 osse
1319 2825 1436 2904 optime
1457 2840 1531 2889 con·

394 2932 520 2998 firmant
546 2933 686 2999 eiusdem
712 2933 808 2998 uerte
834 2952 913 3016 quse
939 2935 1069 3000 suntin
1084 2930 1282 2998 Bibliotheca
1304 2952 1399 2997 sacra
1420 2953 1450 3017 p.
1468 2934 1532 3000 179

394 3059 450 3106 nec
472 3041 609 3107 codicem
624 3042 832 3108 veronensem
858 3043 1005 3108 habuisse
1027 3043 1084 3108 1118
1106 3043 1322 3109 additamenta
1340 3062 1397 3108 nec
1411 3045 1534 3126 septem

391 3152 558 3219 Vaticanos
574 3156 801 3236 praeterquam
820 3153 1040 3237 frapmentnm
1053 3153 1213 3236 quoddam
1227 3172 1355 3235 opernm
1371 3152 1533 3236 Cypriani

390 3263 601 3328 recentissime
626 3264 781 3344 scriptam
805 3263 986 3348 Bononiae,
1013 3266 1070 3345 qni
1094 3264 1160 3345 fait
1191 3264 1337 3330 Vianesii
1362 3265 1400 3330 dc
1421 3265 1534 3330 Alter-

387 3372 474 3455 patis
493 3372 630 3452 ioteiins,
649 3373 756 3454 forma
772 3393 895 3455 panca,
915 3374 1081 3440 continens
1100 3379 1256 3439 tractatas
1276 3379 1403 3439 tantam
1412 3394 1535 3456 pancos

391 3481 562 3564 Cypriani.
592 3481 668 3547 Vidi
688 3503 806 3565 qnoque
828 3485 966 3548 aiteram
987 3485 1151 3564 eamnplar
1171 3485 1342 3550 Bononiae
1363 3485 1534 3568 inteprnm,

388 3591 474 3657 ande
493 3591 530 3658 id
549 3594 767 3676 srapmentam
791 3593 984 3676 descriptam
1007 3599 1076 3659 crat
1095 3596 1213 3660 recenti
1235 3596 1398 3676 scriptura
1419 3615 1535 3660 exara-
1629 3680 1632 3686 .

392 3706 470 3782 tum,
495 3721 531 3767 ‚a
545 3723 606 3784 qao
625 3704 734 3769 eadem
753 3705 885 3769 insertio
905 3706 1143 3789 maroinaiinm
1163 3706 1397 3771 sammaiarnm
1417 3703 1534 3793 erat.*)

424 3929 450 3998 ‘)
462 3929 679 3998 Antiquissimus
691 3931 770 3985 codex
782 3932 830 4000 qai
842 3932 935 3986 eedem
948 3931 1135 3986 additamenta
1147 3933 1264 3999 exhibet,
1287 3933 1391 3989 scilicet
1402 3950 1428 4004 p.
1440 3939 1538 4000 21214

391 4016 453 4083 pest
464 4015 563 4071 caelia·
585 4015 687 4070 eeidem
694 4023 759 4084 past
771 4019 1003 4073 resurrectionem
1014 4035 1095 4074 snam
1107 4019 1176 4073 dicit
1188 4019 1278 4088 ‘pasce
1289 4035 1354 4074 ones
1364 4020 1457 4090 meae’,
1475 4023 1538 4089 post

390 4099 529 4155 8887881888
546 4100 626 4158 ibid:
647 4107 672 4156 et
689 4102 732 4156 dii
747 4101 905 4172 pascmdas
922 4119 989 4158 oneo
1006 4103 1134 4173 mandat,
1155 4120 1181 4174 p.
1194 4109 1270 4169 213,1
1289 4105 1407 4160 unitatis
1480 4105 1538 4160 dis·

386 4186 492 4255 pono]
510 4202 598 4241 means
619 4187 776 4242 cathedram
796 4189 941 4244 ematitnit
963 4195 989 4244 et
1010 4190 1130 4244 uniatis
1150 4190 1277 4260 mipinem
1298 4200 1378 4260 almae
1398 4191 1537 4246 rationnn

389 4286 443 4326 ona
463 4273 631 4328 amaritate
651 4273 795 4343 diepoeait,
817 4291 842 4344 p.
862 4279 940 4340 2138
961 4282 993 4331 nt
1014 4275 1319 4346 contestaniae
1339 4275 1488 4346 unitatem]
1510 4284 1537 4331 et
