3720 4920
376 313 441 379 224
851 310 1035 381 appendix.

377 471 470 531 oifioio
491 473 649 532 attrahitur
671 471 799 532 uicissim
814 489 848 532 ao
862 473 993 532 redditur
1006 473 1125 544 halitus,
1151 477 1260 532 eertum
1276 474 1354 533 uitae
1370 472 1508 533 indioium

377 577 436 634 ast:
460 576 534 635 unde
563 576 698 648 loquendi
725 575 929 634 consuetudine
953 574 1062 648 spirare
1084 576 1217 634 dicuntur
1231 577 1279 649 qui
1296 576 1400 634 uiuunt
1414 577 1444 634 et
1459 591 1507 634 ax-

377 679 503 752 spirasse
525 679 575 751 qui
600 678 690 736 uitam
713 677 857 737 tiniamnt.
880 677 994 751 quinat
1013 677 1108 737 anima
1122 678 1233 737 Latinis
1248 678 1334 737 flatus
1350 677 1456 737 dieitur
1470 679 1508 737 ad

377 781 500 841 (iraeoao
522 782 600 840 noeis
625 780 826 851 imitationem,
852 781 902 855 qui
924 785 1040 840 uentum
1055 770 1171 860 ἄνεμον
1191 784 1302 841 notant.
1326 797 1412 853 super
1435 781 1508 840 haee

377 886 443 943 aunt
467 884 496 940 in
520 884 582 956 ipso
603 882 717 942 homine
740 882 926 942 subtilissimi
940 883 1062 956 spiritus
1076 900 1094 942 a
1110 884 1193 943 eorde
1209 883 1258 940 uhi
1273 882 1382 941 fontem
1397 883 1528 941 habente

376 986 469 1061 sparsi
484 1003 536 1059 per
550 984 716 1044 uniuersum
731 1002 844 1058 eorpus,
868 987 918 1045 sed
940 985 1089 1059 praecipue
1104 1003 1156 1060 per
1169 985 1291 1043 arterias
1306 988 1507 1056 commeantes,

374 1088 443 1147 lioet
457 1091 487 1146 et
501 1087 567 1146 aliis
593 1087 725 1159 partibus
748 1088 881 1146 omnibns
902 1088 1000 1147 mixti:
1024 1087 1055 1145 hi
1075 1088 1100 1145 si
1120 1087 1216 1145 subito
1237 1086 1362 1157 auolant,
1386 1089 1507 1145 mortam

375 1194 552 1265 praesentem
573 1190 712 1248 afferunt:
736 1190 782 1248 sin
806 1190 997 1261 includantur,
1023 1189 1102 1248 lenta
1124 1189 1320 1262 aegrotatione
1335 1192 1508 1247 consumunt

375 1293 526 1353 hominem.
550 1292 633 1350 adest
648 1293 678 1350 at
692 1291 795 1351 humor
811 1292 925 1364 quidam
941 1290 1093 1362 naturalia,
1117 1307 1201 1365 quem
1216 1294 1248 1347 ut
1263 1290 1388 1349 arbitror
1402 1289 1506 1348 medioi

375 1393 510 1467 phlegma
535 1396 650 1462 uooant,
678 1409 796 1465 sparsus
820 1397 850 1450 et
864 1394 927 1466 ipse
942 1409 993 1464 par
1006 1392 1170 1451 uniuersum
1186 1409 1297 1465 eorpus.
1321 1392 1407 1450 huius
1423 1409 1506 1449 usum
1516 1410 1543 1450 uo

374 1511 528 1567 numquam
554 1495 696 1553 sentimus
725 1493 887 1553 euidentius
907 1512 992 1568 quam
1007 1494 1036 1551 in
1052 1511 1138 1553 seusu
1153 1497 1273 1567 gustus:
1296 1494 1352 1553 nisi
1368 1494 1444 1552 enim
1459 1492 1508 1552 hio

375 1596 517 1655 admixtus
540 1597 579 1654 sit
606 1597 682 1654 inter
702 1595 831 1669 linguam
848 1598 1030 1670 etpalatum,
1058 1595 1167 1654 nullum
1183 1596 1239 1654 orit
1252 1597 1342 1668 palati
1357 1596 1506 1654 iudicium.

375 1701 405 1756 et
424 1701 520 1757 tamen
540 1700 611 1757 haee
632 1699 674 1757 sio
700 1698 790 1756 mixta
812 1699 925 1756 suntin
942 1699 1065 1768 homine,
1091 1701 1195 1756 utnon
1210 1698 1383 1770 sitsanguie
1398 1697 1507 1770 absquo

377 1800 481 1873 spiritu
502 1803 532 1857 et
552 1800 728 1873 phlegmate,
755 1803 784 1857 et
806 1800 917 1872 pariter
931 1801 968 1858 ad
983 1800 1115 1859 tuendam
1131 1800 1222 1857 uitam
1237 1799 1387 1858 conferunt
1402 1799 1505 1858 omnia

374 1900 504 1959 uidemus
530 1901 651 1973 quoduis
679 1900 785 1960 animal
811 1903 883 1960 mori
899 1901 1068 1976 simulatque
1084 1901 1201 1975 sanguis
1216 1900 1369 1971 effluxerit,
1392 1904 1422 1960 et
1437 1917 1505 1960 oon·
1516 1920 1542 1960 rs

375 2007 469 2062 sumto
484 2004 602 2061 humore
618 2020 702 2075 quem
718 2003 819 2061 medioi
836 2004 991 2062 radicalem
1002 2006 1105 2063 uooant
1117 2020 1172 2062 non
1185 2003 1268 2061 aliter
1279 2004 1399 2062 moritur
1410 2003 1507 2074 homo,

375 2120 459 2177 quam
480 2104 675 2176 exstinguitur
695 2104 813 2162 luoarna
838 2107 983 2163 oonsumto
1007 2104 1079 2163 oleo.
1102 2105 1151 2162 sed
1166 2104 1284 2162 nimium
1301 2104 1349 2161 diu
1365 2120 1507 2162 moramur

375 2206 404 2264 in
428 2206 665 2280 contemplatione
690 2209 820 2277 naturae,
847 2208 921 2279 quod
943 2209 1036 2265 tamen
1058 2223 1114 2265 non
1129 2206 1270 2264 inutiliter
1285 2206 1392 2264 factum
1406 2205 1507 2277 opinor

375 2307 499 2377 anobis,
528 2309 562 2365 ut
581 2307 737 2365 diluoidins
758 2307 809 2367 fiat
835 2308 949 2366 caritati
966 2310 1078 2366 uestrae
1093 2306 1269 2380 mysterium,
1297 2305 1327 2363 in
1343 2307 1423 2364 ouius
1438 2321 1506 2364 oon-

375 2409 559 2482 tamplatioue
586 2409 649 2466 ideo
676 2425 824 2466 uersamur
844 2410 991 2467 lubentius
1014 2409 1082 2481 quia
1094 2408 1247 2466 salubrius.
1270 2425 1336 2465 nam
1357 2407 1437 2465 iuxta
1452 2425 1505 2465 na·
1517 2425 1544 2465 ro

375 2513 456 2568 turae
483 2510 740 2569 oonsiderationem
766 2513 836 2568 tuno
861 2509 919 2568 ista
940 2527 1071 2583 magnam
1092 2510 1151 2568 uim
1174 2511 1291 2580 habent,
1318 2527 1380 2569 oum
1396 2509 1426 2565 in
1442 2510 1508 2568 uiuo

375 2627 490 2683 torpore
513 2628 566 2668 sua
588 2610 687 2668 munia
707 2614 868 2683 peragunt:
891 2628 926 2669 ao
946 2612 1025 2668 iuxta
1045 2613 1192 2683 mystioam
1214 2611 1423 2684 philosophiam
1439 2614 1509 2669 tuno

376 2712 488 2769 demum
504 2711 659 2784 plurimum
673 2712 773 2770 ualent
788 2728 853 2770 oum
869 2729 971 2786 corpus
986 2712 1160 2786 relinquunt.

346 2824 365 2880 6
418 2812 508 2871 Nemo
534 2813 655 2872 miratus
680 2817 726 2872 est
752 2814 902 2872 Dominum
928 2816 1052 2872 hnmano
1077 2830 1154 2873 more
1181 2815 1336 2887 spirantem
1358 2832 1391 2873 ao
1413 2813 1507 2887 respi-

375 2916 496 2983 rantem,
523 2915 652 2973 aeduum
666 2914 697 2972 in
713 2932 795 2975 ornae
810 2916 934 2974 elamore
960 2916 1054 2975 ualido
1080 2916 1223 2974 emisisset
1249 2916 1391 2993 spiritum,
1421 2917 1542 2975 simulas

374 3014 553 3073 intellectum
580 3019 635 3086 est,
661 3017 745 3074 illum
771 3019 800 3075 et
827 3033 926 3075 uerum
952 3013 1040 3076 hisso
1065 3017 1207 3075 hominem
1227 3021 1256 3075 et
1277 3033 1376 3075 uorum
1397 3017 1504 3075 Deum:

374 3118 516 3177 hominem
531 3119 606 3193 quod
622 3119 702 3179 iuxta
716 3123 836 3178 naturae
852 3119 979 3180 ordinem
994 3124 1024 3177 at
1039 3120 1087 3177 ubi
1102 3119 1220 3178 uitalom
1236 3121 1335 3178 ilatum
1351 3119 1504 3192 emisisset,

374 3219 460 3278 desiit
486 3220 597 3279 uiuere:
622 3221 724 3292 Deum,
750 3223 827 3294 quod
848 3221 934 3278 simul
955 3239 1019 3281 oum
1043 3222 1152 3294 ingenti
1169 3221 1290 3280 clamore
1307 3225 1434 3280 mortuus
1450 3224 1506 3293 est,

375 3320 523 3380 declarans
538 3339 569 3381 aa
585 3323 727 3380 uolentem
743 3340 777 3381 uo
792 3325 979 3396 spontaneum
995 3325 1134 3396 deponere
1150 3323 1250 3394 uitam,
1276 3324 1352 3396 quod
1366 3324 1506 3382 humana·

374 3443 436 3483 rum
452 3425 556 3483 uirium
570 3441 653 3483 nemo
668 3425 761 3484 nescit
775 3442 832 3483 non
848 3442 919 3485 esse.
944 3428 1032 3485 sensit
1053 3426 1154 3484 efficax
1176 3426 1370 3485 testimonium
1386 3427 1505 3499 spiritus
1516 3446 1543 3487 ao

375 3523 483 3583 uuioinus
510 3526 654 3584 centurio:
677 3526 719 3583 sio
748 3526 823 3583 enim
849 3531 949 3585 narrat
963 3528 1065 3586 boatus
1080 3529 1207 3586 Meroua:
1231 3529 1362 3587 uidens
1385 3532 1507 3588 autem

376 3627 545 3687 centurio
569 3627 631 3700 qui
654 3642 694 3685 ex
727 3629 882 3686 aduerso
913 3630 1050 3699 stabat,
1084 3631 1169 3702 quia
1190 3630 1243 3688 sie
1265 3631 1506 3704 exspirasset,

374 3731 443 3788 ait:
472 3746 555 3788 uero
583 3729 645 3789 hio
674 3731 775 3790 homo
804 3730 913 3788 iilius
937 3730 1000 3789 Dei
1031 3734 1120 3790 erat.
1163 3732 1232 3804 quid
1258 3737 1349 3791 morte
1386 3732 1506 3791 abiecti·

374 3849 407 3891 us
438 3833 518 3891 iuxta
546 3836 681 3891 curnem?
719 3834 769 3891 sed
809 3833 882 3891 nihil
918 3835 1007 3891 morte
1047 3835 1192 3906 potentius
1238 3833 1318 3893 iuxta
1361 3834 1505 3914 spiritum.

261 3950 264 3956 ’
374 3937 436 3992 erat
464 3937 492 3993 at
522 3933 594 3994 illud
626 3938 741 4008 praeter
777 3937 896 3995 naturae
926 3954 1039 3996 oursum
1074 3932 1150 4009 quod
1179 3953 1195 3994 e
1224 3936 1314 3995 latere
1351 3936 1506 3995 exanimati
1515 3961 1540 4000 se

442 4187 475 4240 31
494 4187 576 4241 Maro
596 4188 636 4250 15,
656 4187 699 4241 39.
