3720 4920
348 288 410 336 xm·

342 422 523 504 praecipua
536 423 651 487 uaeris
664 422 843 506 scripturae
857 421 1061 502 liniamenta,
1075 421 1115 488 ab
1129 421 1234 504 ipsius
1247 421 1398 488 Auctoris
1411 423 1484 489 stila

347 538 476 598 suuato
499 533 636 616 fideliter
658 534 695 598 in
718 534 846 615 optimis
871 534 1110 617 exemplar-itus,
1145 533 1315 600 Veronensi
1336 537 1366 597 et
1379 533 1482 598 Bene·

348 648 495 725 uentano,
522 644 646 709 collatis
669 644 746 709 olim
771 665 793 709 a
815 645 971 711 Marcello
987 645 1057 710 ΡΡ.
1083 649 1112 711 et
1137 644 1281 710 Antonio
1300 645 1484 728 Aupustino

348 752 505 835 Episcopo
529 759 605 819 tueec
630 754 798 838 Allifano:
828 756 971 836 quaein
998 754 1157 838 Oppriaui
1181 755 1352 835 uolumine,
1381 774 1485 820 mauu

347 863 561 930 illustrissimi
582 869 611 930 ct
632 865 891 931 reuermdissirni
914 865 1094 931 Tolosatum
1113 865 1352 949 Areticpiseopi
1373 865 1484 932 Garuli

349 974 532 1040 Monolealli
546 1028 552 1041 .
568 995 733 1041 ..melma
747 976 932 1061 elelipentiaj'
943 995 1069 1041 summa
1081 977 1143 1058 pide
1153 976 1321 1056 descripta,
1331 979 1483 1057 perpetue

347 1084 436 1149 notis
456 1087 531 1150 usui
552 1086 642 1167 fuere
663 1085 716 1172 (cf.
734 1083 803 1150 Obs.
822 1106 853 1169 p.
872 1082 960 1170 144).
982 1085 1032 1151 his
1057 1085 1161 1150 uerbis
1184 1085 1358 1150 cauendum
1382 1084 1483 1151 estne

348 1195 481 1261 conicias
495 1244 498 1249 -
511 1197 641 1262 alteram
668 1196 855 1263 Veronensis
884 1196 959 1262 libri
985 1197 1018 1262 et
1043 1195 1254 1261 Beneuentani
1283 1194 1482 1261 collationem

348 1304 445 1370 tuisse
471 1324 533 1387 qua
556 1306 714 1390 Rigaltius
741 1306 897 1372 utebatur.
926 1306 993 1390 ipse
1019 1306 1103 1371 enim
1127 1306 1160 1370 in
1175 1304 1344 1370 Adderedis
1365 1324 1395 1387 p.
1417 1305 1483 1370 234

348 1415 498 1481 retractat
518 1435 595 1498 quae
609 1417 642 1481 in
660 1414 937 1482 Obseruate'omtus
957 1416 1119 1482 docuerat:
1142 1414 1248 1480 Paulo
1257 1421 1330 1497 post
1344 1415 1482 1480 manda·

348 1528 415 1589 tam
429 1525 513 1606 typis
530 1523 790 1607 obseruationem,
811 1526 888 1590 dcem
901 1527 1005 1591 seidia
1019 1546 1088 1590 mea
1101 1527 1182 1608 forte
1195 1531 1367 1591 excuterem
1380 1526 1483 1590 mma

348 1635 424 1716 sius,
446 1635 636 1718 deprehendi
654 1637 775 1718 factam
789 1656 812 1700 a
827 1635 985 1702 Marcello
999 1636 1096 1718 Papa
1116 1637 1216 1701 trium
1232 1637 1372 1702 codicum
1395 1634 1483 1700 Vati·

348 1765 500 1810 canorum
523 1746 730 1824 cellationun,
754 1765 826 1811 cum
847 1745 952 1811 adliuc
973 1751 1049 1811 esset
1070 1766 1108 1811 ac
1129 1743 1483 1832 diceretur’Marecllus

351 1854 508 1921 Gmuiuus
529 1855 736 1920 Cardinalis:
761 1855 959 1922 collationem
982 1875 1057 1920 uero
1081 1856 1272 1938 exemplaris
1295 1854 1484 1920 Veronensis

349 1986 371 2028 a
385 1964 505 2030 Latino
526 1965 676 2029 Latinio:
700 1965 924 2030 Beneuentani
944 1966 984 2030 ab
1003 1968 1082 2031 Aut.
1104 1965 1296 2048 Aupustiuo,
1322 1968 1398 2030 tunc
1417 1963 1483 2045 epi·

350 2093 438 2156 scopo
452 2074 614 2157 Allifano.
635 2074 759 2141 fallitur
774 2076 813 2141 de
827 2077 885 2142 huc
899 2076 1035 2160 Rigaltii
1050 2075 1244 2159 supellectile
1260 2075 1370 2140 critice
1384 2075 1483 2140 Belu-

350 2185 426 2263 zius,
442 2204 513 2250 cum
525 2187 653 2250 eandem
664 2185 729 2249 iere
740 2186 833 2266 etque
845 2186 911 2266 ipse
922 2185 1058 2249 habebut
1071 2185 1165 2248 illum
1176 2168 1323 2249 liebuisse
1334 2185 1420 2248 dicet
1429 2183 1482 2265 (ed

352 2294 441 2376 epist.
453 2294 504 2370 10,
517 2312 542 2357 c.
552 2294 596 2378 4).
609 2313 682 2358 nem
690 2293 913 2358 Vaticanemm
922 2293 1011 2358 nulle
1021 2295 1068 2357 est
1079 2294 1161 2374 apud
1170 2293 1347 2376 Rigaltium
1354 2292 1482 2358 mentio.

351 2403 452 2487 megis
480 2404 576 2468 etiem
604 2402 737 2480 fallitur,
767 2421 838 2466 cum
861 2402 901 2466 ed
923 2403 1012 2485 epist.
1038 2403 1079 2468 16
1100 2402 1276 2485 Rigeltium
1299 2403 1482 2485 quandoque

351 2514 467 2579 librum
475 2514 682 2579 Veronensem
693 2532 748 2595 pro
760 2513 896 2578 editione
905 2514 1087 2579 Menutiene
1097 2513 1225 2578 laudere
1239 2514 1398 2594 opinetur3
1410 2531 1484 2577 nem

352 2624 575 2689 exoculatione
590 2624 651 2688 sibi
666 2624 704 2688 de
720 2623 883 2706 scripturis
899 2625 964 2688 eius
981 2641 1051 2687 cum
1063 2623 1247 2688 Manutianu
1261 2621 1483 2687 consentienti·

350 2733 410 2798 bus
431 2735 570 2798 constare
584 2735 651 2817 ipse
667 2734 790 2816 saepius
806 2735 964 2798 asseueret
978 2734 1066 2798 uelut
1081 2733 1114 2797 in
1128 2733 1248 2799 obseru.
1265 2732 1305 2796 ed
1320 2731 1411 2814 epist.
1427 2731 1480 2796 52.

351 2843 423 2908 inde
437 2844 500 2908 iem
512 2843 676 2927 apparebit
688 2845 726 2908 ed
739 2843 814 2908 libri
829 2844 984 2926 deperditi
998 2845 1169 2926 scripturus
1184 2842 1377 2926 colligendas
1391 2860 1482 2925 prue-

289 2987 292 2991 ⁴
351 2954 400 3019 ter
414 2951 618 3038 Gottingense
640 2953 797 3036 exemplar
816 2953 949 3038 Rigaltii
970 2957 1060 3019 notas
1081 2953 1212 3019 maximi
1235 2970 1301 3017 esee
1321 2951 1484 3032 momenti,

351 3062 536 3145 praesertim
558 3081 631 3128 cum
645 3063 677 3127 in
692 3062 884 3147 proferendis
905 3063 1096 3129 testimoniis
1117 3082 1241 3128 summe
1263 3062 1325 3127 fide
1340 3064 1482 3128 uersutus

351 3191 430 3254 quae
439 3182 441 3185 ’
450 3172 555 3236 miuus
576 3175 659 3237 certe
680 3173 741 3238 sibi
756 3174 940 3238 uiderentur
954 3174 1098 3238 accurate
1112 3173 1349 3258 significeuerit.
1372 3171 1412 3235 ed
1427 3171 1484 3237 hos

351 3281 452 3347 fontes
473 3282 593 3346 aceedit
613 3282 708 3347 editio
723 3279 914 3348 Omniensis.
939 3283 1081 3367 episcopo
1102 3283 1185 3348 enim
1202 3280 1367 3347 Oxoniensi
1389 3280 1484 3345 colla·

350 3391 449 3456 tiones
469 3391 590 3472 aliquot
613 3392 753 3457 codicum
783 3391 1020 3470 Vaticanorum,
1055 3391 1241 3456 Veronensis
1262 3391 1372 3454 itidem
1394 3393 1486 3470 atque

351 3481 575 3567 Beneuentani
600 3522 656 3566 nec
682 3519 747 3565 non
773 3499 870 3584 Rupis
897 3500 1037 3578 Galliac,
1066 3501 1170 3565 studio
1199 3499 1388 3565 amicissimi
1416 3497 1485 3563 uiri

351 3613 473 3679 domim
503 3612 631 3678 Roberti
660 3612 765 3695 Ripbp
799 3612 938 3694 perlatae
971 3613 1094 3695 praesto
1127 3611 1261 3677 fuerunt.
1303 3609 1485 3675 Veronensis

352 3724 520 3806 scripturus
541 3725 667 3808 quaein
687 3724 745 3789 hoe
765 3723 916 3807 apparatu
938 3726 1102 3788 occurrunt
1123 3742 1249 3788 summu
1269 3722 1411 3786 cautione
1426 3719 1483 3786 ed·

351 3834 637 3916 hibui‚nomu11as
658 3834 714 3899 ubi
736 3853 821 3900 error
842 3833 910 3898 eret
930 3832 1115 3899 manifestus
1136 3833 1238 3913 reieci,
1263 3833 1426 3916 conplures
1446 3833 1484 3897 ut

352 3945 538 4028 suspiciosus
553 3946 661 4011 addito
675 3949 740 4009 test.
760 3942 860 4009 Occu.
876 3944 984 4009 citaui.

395 4058 442 4124 Eu
455 4058 506 4125 his
528 4059 626 4143 igitur
650 4056 791 4122 tentibus
815 4074 891 4140 quos
915 4056 1064 4141 descripsi
1086 4057 1253 4142 diligenter
1277 4055 1414 4123 excussis
1436 4054 1486 4119 tot

352 4168 441 4252 potui
462 4169 576 4234 codicis
596 4167 779 4234 testimonia
799 4185 970 4250 proponere
985 4170 1020 4233 ut
1036 4168 1214 4250 deperditus
1234 4186 1329 4250 paene
1343 4166 1484 4249 repertus
