3720 4920
331 353 393 420 172
800 347 987 420 Appendir.

330 508 429 569 siout
454 526 540 569 ones
569 508 790 581 errauimns,
823 509 1077 582 unusquisqne
1099 508 1136 567 in
1159 509 1255 567 uiam
1277 525 1375 567 suam
1399 508 1455 565 de·

254 598 258 604 ⁸
330 611 499 672 otinauit.
538 612 572 670 de
601 610 704 685 quibus
738 610 824 671 etiam
864 612 962 672 eadem
997 611 1137 685 sapientia
1157 611 1284 685 loquitur
1305 627 1356 685 per
1377 611 1458 671 Salo·

329 730 457 773 monem:
494 712 629 772 multae
666 714 746 773 uiae
783 714 963 773 uidentur
999 714 1209 773 hominibus
1245 717 1385 784 rectae,
1423 715 1460 771 et

330 816 561 875 nouissimae
583 832 702 875 earnm
725 817 864 875 ducunt
884 817 927 874 ad
948 820 1107 875 mortem.
1131 833 1202 890 qnae
1228 816 1328 889 ntique
1352 816 1459 874 multae

328 917 499 990 perditionis
514 919 578 977 uiae
592 920 661 976 tnnc
675 918 856 989 inceduntur,
879 936 944 978 cnm
966 935 1024 977 una
1039 919 1144 992 regalis
1158 919 1207 978 uia
1221 918 1268 977 lex
1284 918 1337 977 Dei
1351 918 1480 977 uidetis

330 1022 384 1091 cet,
408 1037 480 1093 qnae
495 1038 585 1094 noque
603 1022 638 1078 ad
654 1021 800 1078 dexteram
814 1038 906 1093 neque
921 1021 957 1079 ad
971 1021 1118 1079 sinistram
1134 1021 1269 1090 declinat,
1291 1037 1342 1092 per
1357 1022 1458 1092 negle-

329 1123 457 1195 gentiam
482 1123 630 1181 deeeritnr.
661 1122 695 1180 de
720 1140 777 1195 qua
803 1123 916 1182 scilicet
941 1124 990 1182 uia
1015 1123 1152 1182 Dominus
1178 1123 1310 1181 Christus
1337 1124 1386 1197 qui
1413 1125 1460 1182 est

329 1224 396 1283 finis
421 1225 496 1299 logis
515 1227 551 1283 ad
572 1225 713 1284 iustitiam
733 1226 811 1285 omni
826 1228 954 1286 credenti
970 1227 1135 1284 denuntiat:
1159 1243 1223 1299 ego
1245 1244 1320 1284 snm
1341 1226 1401 1284 nia
1424 1230 1460 1285 et

329 1328 475 1385 ueritas
497 1330 533 1385 et
553 1329 647 1385 nita:
672 1345 770 1386 nemo
793 1328 897 1386 uenit
919 1329 960 1386 ad
982 1330 1121 1401 patrem
1148 1326 1222 1385 nisi
1244 1344 1306 1401 per
1329 1344 1388 1385 me.
1422 1329 1458 1385 ad

330 1445 416 1502 qnam
441 1429 516 1488 niam
542 1446 640 1488 omnes
666 1430 795 1488 homines
809 1429 996 1489 communiter
1010 1429 1117 1487 inuitat
1132 1430 1245 1489 dicens:
1268 1429 1392 1488 uenite
1415 1430 1493 1487 adro

329 1547 381 1589 me
412 1549 532 1590 omnes
561 1533 623 1605 qui
654 1533 840 1590 laboratis
867 1535 903 1591 et
931 1533 1073 1591 onorati
1107 1534 1212 1604 ostis,
1246 1536 1282 1592 ot
1310 1550 1374 1606 ogo
1397 1550 1460 1591 uos

331 1633 508 1694 reficiam.
531 1637 618 1708 quia
639 1654 707 1694 non
728 1638 1036 1708 estperaonarum
1051 1638 1219 1709 acceptio
1234 1636 1327 1709 apud
1342 1637 1459 1694 Deum.

331 1738 382 1795 nbi
397 1754 454 1795 non
470 1740 514 1795 est
528 1738 650 1794 Iudaeus
665 1739 694 1796 et
710 1737 844 1807 Graecus,
865 1737 1009 1795 musculus
1025 1740 1055 1795 et
1077 1737 1193 1807 femina,
1216 1754 1316 1795 aeruna
1331 1740 1361 1796 et
1375 1737 1460 1807 liber,

332 1840 473 1897 tartarus
499 1840 529 1896 et
555 1837 670 1910 Scytha,
697 1840 747 1896 sed
773 1839 869 1896 omnia
892 1837 922 1894 in
949 1839 1079 1895 omnibns
1101 1839 1247 1896 Christus:
1270 1853 1369 1896 omues
1384 1838 1461 1895 enim

332 1957 422 1997 nuum
447 1941 514 1997 sunt
535 1939 564 1997 in
581 1939 694 1998 Christo
714 1940 789 1998 lesu.
814 1939 881 1997 dum
895 1956 962 2012 ergo
978 1938 1110 1997 Christus
1135 1939 1201 1997 finis
1228 1941 1272 1997 ost
1298 1938 1382 2012 legis,
1409 1939 1494 2013 quire

334 2041 395 2099 aino
420 2039 483 2112 lego
510 2044 578 2098 sunt
592 2041 654 2098 sine
669 2040 782 2099 Christo
809 2041 890 2099 fiunt.
914 2040 1003 2112 igitur
1029 2041 1151 2113 populus
1172 2041 1234 2098 sine
1258 2043 1323 2113 iege
1337 2041 1461 2114 populus

333 2141 395 2201 eine
421 2141 534 2200 Christo
560 2146 613 2202 est.
638 2142 789 2200 abusiunm
815 2159 883 2214 ergo
899 2142 929 2200 in
955 2144 1131 2215 temporibus
1157 2143 1299 2216 euangelii
1325 2143 1461 2216 populum

333 2244 395 2301 fieri
412 2244 474 2302 sine
490 2243 614 2314 Christo,
631 2246 744 2317 qnando
759 2245 898 2317 apostolis
913 2245 944 2301 in
959 2250 1076 2302 cunctas
1097 2248 1199 2317 gentes
1214 2245 1331 2302 licentia
1346 2243 1460 2316 praedi·

332 2344 454 2403 cationis
479 2345 547 2402 data
572 2347 625 2417 est,
654 2346 766 2419 quando
792 2345 950 2404 tonitmnm
976 2345 1120 2418 euangelii
1143 2362 1193 2419 per
1214 2347 1331 2404 cunetas
1352 2344 1460 2402 saeculi

332 2449 431 2520 partes
458 2447 591 2517 intonuit,
618 2449 730 2519 quando
751 2450 853 2519 gentes
874 2463 947 2519 quae
962 2465 1018 2506 non
1033 2448 1216 2506 sectabantur
1241 2447 1383 2504 iustitiam
1408 2446 1496 2503 ad-ro

334 2548 549 2622 prehenderunt
563 2546 715 2616 iustitiam,
738 2548 851 2620 quando
867 2548 917 2620 qui
932 2547 1017 2620 longe
1031 2547 1147 2606 fuerunt
1161 2547 1231 2605 facti
1247 2550 1315 2605 sunt
1329 2564 1417 2618 prope
1432 2547 1461 2603 in

333 2651 472 2722 sanguina
498 2648 622 2719 Christi,
645 2649 694 2722 qui
720 2644 875 2720 aliqnando
901 2667 957 2708 non
981 2648 1111 2720 populns,
1138 2667 1213 2706 nuno
1228 2651 1322 2707 antem
1338 2649 1461 2721 populus

333 2753 450 2811 sanctus
473 2751 503 2808 in
519 2750 643 2819 Christo,
670 2752 783 2823 quando
805 2754 850 2808 ost
864 2754 978 2822 tempus
1004 2750 1178 2822 acceptabile
1194 2753 1223 2807 et
1238 2751 1300 2808 dios
1316 2750 1417 2808 salutis
1433 2755 1462 2808 et

333 2856 463 2926 tempora
486 2852 629 2925 refrigerii
654 2853 683 2910 in
710 2854 863 2925 conspectu
883 2852 1027 2924 altissimi,
1053 2853 1163 2924 quaudo
1185 2868 1370 2925 unaquaeque
1391 2869 1462 2924 gens

331 2955 420 3013 hahet
439 2957 542 3014 testem
556 2955 785 3026 resurrectionis,
801 2955 914 3027 qnando
928 2956 1103 3027 protestatur
1118 2955 1269 3012 Dominus:
1292 2970 1374 3012 ecee
1397 2971 1461 3026 ogo
1471 2970 1496 3008 re

401 3169 514 3223 3P10u.
535 3171 575 3232 14,
597 3170 636 3223 12.
819 3170 837 3223 8
854 3169 893 3222 Io.
915 3171 956 3236 14,
974 3170 998 3223 6.
1189 3168 1223 3222 10
1240 3168 1338 3221 Matth.
1360 3170 1401 3231 11,
1418 3169 1460 3221 28.

332 3256 368 3310 25
386 3254 446 3311 Gal.
464 3255 489 3317 3,
507 3254 549 3307 28.
576 3276 580 3290 ·

402 3467 591 3524 lenamniam
604 3466 636 3519 X
712 3467 794 3519 tuiis
807 3467 926 3530 etinmo,
940 3466 1022 3519 etiam
1035 3466 1088 3519 niis
1103 3465 1171 3531 (ΡΧ
1243 3464 1333 3519 eadem
1347 3480 1428 3519 ome

332 3556 505 3611 4001an
632 3551 799 3608 deducente
926 3551 1058 3619 elegatis
1080 3551 1107 3604 V
1226 3550 1380 3604 ddextram
1398 3550 1428 3603 X

332 3644 348 3696 'i
367 3643 439 3696 iesus
457 3641 573 3695 christus
591 3656 615 3702 a,
633 3640 704 3691 iesus
722 3639 753 3692 X
889 3639 907 3692 8
924 3639 970 3691 uia
988 3638 1024 3706 et]
1044 3639 1089 3690 nia
1106 3638 1152 3690 Xe
1289 3636 1322 3689 10
1339 3637 1460 3690 homines

332 3727 433 3783 om.V
534 3727 567 3778 11
585 3724 781 3778 et...reflaiam
799 3741 848 3778 oen.
868 3724 899 3777 X
1007 3723 1040 3776 12
1057 3723 1174 3776 reficiam
1192 3739 1275 3776 noea
1384 3721 1417 3774 13
1434 3724 1462 3773 ot

332 3813 371 3883 g.]
389 3830 437 3867 noo
454 3827 564 3881 graecus
582 3828 600 3865 o
702 3809 736 3864 14
754 3809 908 3864 shcithaG
1010 3808 1164 3861 sed...ieau
1183 3807 1276 3861 oraX
1377 3807 1415 3875 in]
1434 3810 1462 3860 et

333 3901 361 3953 in
383 3899 471 3952 Garri
488 3900 515 3950 et
532 3913 554 3950 a.
573 3897 591 3950 1.
609 3898 683 3950 nt2
795 3893 929 3963 omnibus]
948 3893 1040 3947 omnia
1062 3893 1088 3947 V
1193 3893 1273 3961 onim}
1291 3908 1355 3960 ergo
1376 3893 1430 3945 GV

333 3986 368 4040 15
384 3984 454 4053 legis
472 3986 513 4036 eet
532 3981 579 4035 Xe
699 3980 732 4034 16
749 3979 828 4047 fiunt]
849 3982 912 4032 sunt
930 3980 960 4031 Χ
1082 3978 1140 4031 sine
1157 3979 1217 4047 lege
1234 3978 1266 4030 X
1281 3994 1302 4031 e.
1321 3979 1339 4031 1.
1357 3994 1391 4030 m.
1404 3981 1428 4031 ‘2

333 4070 367 4122 17
386 4067 462 4122 ebusi
482 4066 550 4120 ΟΨ
669 4066 703 4120 18
720 4065 778 4119 sino
795 4065 855 4133 loge
873 4064 966 4118 fieriu
1086 4065 1118 4118 21
1138 4064 1170 4117 de
1187 4064 1267 4132 longe
1285 4064 1428 4118 inerantc

333 4156 368 4210 23
386 4154 503 4223 modas]
521 4154 598 4217 daie
699 4152 734 4206 24
752 4167 912 4219 unaquaque
932 4153 964 4214 G,
986 4166 1106 4219 quaeque
1124 4151 1155 4204 X
1255 4152 1290 4203 25
1307 4149 1333 4202 h.
1352 4151 1461 4219 testem]

332 4240 517 4295 testimonium
535 4238 619 4292 habet
641 4238 668 4291 V
766 4238 824 4305 ipse
841 4236 966 4291 dominns
984 4239 1151 4305 protestatur
1167 4234 1257 4290 dicens
1275 4253 1292 4291 e
