3720 4920
346 317 411 381 280
818 315 1000 384 Appendix.

348 491 383 530 no
399 473 507 531 delerat
521 473 699 531 excedentem
715 476 824 544 patrem
841 473 983 546 suscipere
998 473 1156 532 destinauit.
1173 491 1228 532 non
1245 473 1367 534 amisisti
1379 474 1473 533 nutri·

349 579 445 633 ruente
460 578 518 634 tua.
535 575 560 631 si
575 574 670 633 luctus
686 575 830 634 horrueris
845 579 874 635 at
889 594 974 636 senex
989 576 1128 636 obtulisse
1143 575 1249 650 pignus
1264 581 1344 636 tuum
1355 578 1475 637 Domino

349 681 485 751 deputem
500 677 608 750 poteris
618 680 646 748 †,
662 680 816 737 secuudum
834 684 927 737 uotum
944 683 1009 752 post
1024 681 1181 751 Abraham,
1205 682 1230 739 si
1246 698 1301 739 non
1317 684 1399 755 petes
1412 683 1473 754 pri·

350 798 435 849 mum,
452 783 484 837 ut
498 781 573 852 qued
588 779 638 836 ille
654 797 709 837 nou
725 780 881 852 trepidauit
895 781 996 839 offerre
1011 784 1043 838 tu
1058 782 1161 839 saltem
1177 782 1302 840 uideatis
1314 784 1349 840 do
1360 783 1475 840 sublato

350 883 484 956 gaudere.
514 882 551 939 ab
574 881 624 939 illo
646 881 784 940 Dominus
799 882 964 954 postulauit,
987 901 1005 941 e
1021 886 1049 941 te
1065 883 1143 941 tulit.
1167 882 1217 941 illc
1231 882 1352 943 iussioni
1367 883 1498 957 pernite

350 989 383 1043 tu
395 987 535 1043 uoluntati
548 987 685 1045 consenti.
699 986 780 1043 illum
792 1003 842 1059 per
855 987 984 1044 illicitam
994 988 1085 1059 legem
1095 989 1215 1045 naturae
1226 987 1318 1061 [quem
1330 986 1477 1046 Dominusl

351 1087 484 1157 probauit
499 1087 556 1145 sibi
572 1089 714 1157 deuotum,
730 1092 759 1145 te
775 1087 877 1146 saltem
892 1106 942 1162 per
956 1088 1066 1146 licitam
1081 1090 1275 1148 condicionem
1291 1086 1475 1147 mortalitatis

353 1191 472 1247 annotet
486 1188 662 1262 religiosum.
677 1208 743 1248 nem
759 1190 784 1247 ai
801 1207 853 1250 nec
867 1191 1014 1250 uoluntate
1036 1207 1087 1249 nec
1108 1191 1279 1250 necessitate
1302 1186 1478 1263 compelleris

353 1291 512 1349 deuotionis
527 1291 762 1363 Domineeliquid
777 1291 920 1363 exhibere,
932 1293 962 1350 in
977 1311 1034 1366 que
1047 1297 1127 1366 parte
1139 1293 1326 1351 christianum
1337 1288 1477 1364 tepoteris

354 1393 533 1464 approbare?
549 1393 699 1452 erubescat
720 1394 904 1452 incredulitas
920 1399 1018 1454 nestra
1042 1412 1095 1453 nec
1120 1412 1183 1452 emn
1207 1393 1362 1467 gentilibus
1385 1419 1427 1460 ee,
1450 1390 1514 1450 sire

355 1494 413 1551 Deo
428 1495 492 1551 uult
507 1511 570 1552 esse
591 1497 726 1554 subiecta.
748 1495 902 1554 communis
917 1500 961 1555 est
975 1498 1058 1555 nobis
1073 1513 1136 1554 cnm
1152 1496 1212 1553 illia
1227 1496 1319 1554 exitus
1335 1492 1433 1551 mortis
1448 1496 1479 1549 et

355 1596 466 1653 dolores
481 1596 593 1655 illerum
609 1614 775 1668 superamus
791 1598 934 1656 doloribus
948 1598 1064 1658 nostris.
1091 1599 1160 1670 quid
1175 1613 1320 1670 agerenum
1343 1594 1369 1652 si
1391 1610 1478 1666 pecu·

355 1697 426 1755 liare
453 1698 563 1770 aliquid
589 1699 748 1770 exigeretur
768 1700 902 1758 anobis?
926 1700 1092 1772 quidquod
1117 1701 1155 1758 od
1182 1701 1300 1758 dedecus
1325 1699 1475 1754 nostrone

356 1799 480 1873 gerutilos
496 1800 607 1859 dolores
622 1819 706 1874 saepe
722 1805 912 1872 contemnunt,
929 1819 992 1861 cum
1006 1820 1063 1859 nen
1078 1803 1115 1859 ed
1130 1802 1269 1874 premissa
1282 1798 1418 1857 caelestia
1428 1799 1476 1856 sed

356 1903 392 1958 ad
408 1918 514 1973 poenes
529 1903 631 1960 tartari
647 1904 802 1975 rapientur.
819 1908 848 1962 et
863 1921 916 1962 nea
930 1905 1091 1976 plangimus
1107 1908 1208 1962 cuntes
1221 1903 1258 1959 ed
1273 1899 1392 1959 caelum.
1414 1916 1481 1958 con·
1493 1923 1517 1961 m

358 2003 467 2061 sideret
482 2003 657 2062 christianus
669 2005 738 2061 talis
754 2005 823 2076 quid
837 2006 971 2078 deinceps
996 2009 1140 2063 mereatur
1161 2007 1209 2077 qui
1224 2019 1276 2060 nac
1289 2002 1395 2059 imitari
1410 2017 1479 2059 cen·

358 2104 453 2163 tendit
468 2106 597 2177 exempla
613 2110 774 2166 sanctorum
789 2124 841 2165 nec
856 2110 1046 2180 contemptum
1061 2107 1167 2166 hebere
1180 2104 1343 2178 gentilium.
1359 2103 1403 2160 illi
1419 2103 1480 2161 lue-

359 2216 407 2270 tua
422 2212 595 2282 desperando
611 2213 780 2283 despiciunt,
808 2217 838 2271 et
858 2230 910 2270 nos
924 2214 1061 2285 sperande
1093 2212 1235 2283 despicere
1262 2227 1317 2267 non
1338 2226 1481 2267 conemur.

360 2315 481 2387 denique
498 2314 618 2371 uendere
634 2314 738 2371 liberes
753 2331 837 2385 saepe
853 2331 909 2371 non
925 2314 1067 2383 dubitant,
1084 2316 1117 2370 ut
1130 2311 1221 2382 uiuos,
1243 2311 1318 2383 quod
1333 2311 1413 2382 peius
1428 2313 1481 2380 est,

361 2420 506 2489 spernant.
537 2418 566 2472 et
581 2434 632 2472 nos
644 2432 695 2473 nee
711 2416 905 2474 defunctorum
926 2416 1020 2474 obitus
1036 2416 1197 2483 subloueut‚
1217 2413 1345 2470 sublatos
1360 2411 1482 2484 captiui·
1493 2433 1520 2471 se

436 2668 449 2718 1
469 2667 602 2732 suscipere
619 2681 669 2718 ete.
689 2666 715 2717 Ζ
815 2681 869 2718 non
887 2665 1015 2733 amisisti}
1035 2663 1132 2715 misisti
1151 2663 1206 2728 epla
1303 2661 1384 2714 2tua
1401 2660 1488 2712 nutri·

364 2754 455 2805 ruente
475 2752 531 2817 Ze5
548 2751 649 2804 christo
668 2751 731 2804 aad.
751 2752 769 2804 le
891 2751 913 2802 si
932 2766 981 2803 mo.
1001 2750 1027 2802 Z
1144 2746 1247 2800 luctum
1265 2747 1299 2800 leo
1412 2759 1489 2796 senex

363 2854 413 2888 olm
433 2837 474 2888 Zle
599 2838 627 2887 to
645 2834 776 2889 obtulisse
794 2851 820 2902 p.
841 2839 862 2887 t.
881 2835 930 2897 Ze,
949 2838 1024 2887 tuum
1043 2832 1176 2885 obtulisse
1194 2833 1292 2899 pignus
1309 2847 1326 2882 o
1442 2829 1488 2880 do·

365 2924 438 2975 mino
456 2921 602 2989 gratuleris
620 2923 646 2974 Z
748 2921 906 2989 3deputari
925 2921 1004 2988 ert
1112 2916 1224 2985 peteris]
1243 2919 1318 2983 potes
1336 2915 1367 2976 Z,
1387 2913 1489 2982 peteris

364 3009 441 3076 potes
458 3024 476 3061 e
648 3006 745 3059 habere
763 3009 825 3075 post
844 3006 891 3067 Vm,
909 3007 971 3072 post
987 3023 1015 3070 p,
1034 3019 1083 3055 om.
1103 3018 1127 3064 r,
1145 3005 1222 3053 tuum
1241 2999 1310 3052 habe
1327 3001 1387 3066 post
1404 2999 1422 3050 t

366 3095 493 3160 potestp
598 3090 793 3158 4trepidauit]
811 3089 989 3143 dubitabatle
1101 3089 1133 3140 tn
1151 3102 1202 3140 one.
1222 3085 1248 3137 Z
1349 3085 1491 3136 deensen·

365 3180 420 3231 tias
437 3179 463 3241 le,
481 3177 616 3230 consensit
630 3176 661 3239 Z,
681 3176 874 3228 consensistis
942 3174 1018 3226 illum
1033 3174 1057 3233 d,
1078 3171 1200 3237 illeZpr
1271 3184 1346 3234 quern
1366 3167 1491 3219 dominus

366 3279 417 3315 ern.
435 3264 490 3331 epla
627 3262 643 3313 ‘l
662 3261 715 3312 sibi
734 3260 859 3327 probnuit
876 3261 914 3311 Ze
1052 3272 1098 3324 per
1110 3297 1115 3307 .
1127 3296 1132 3307 .
1144 3295 1149 3306 .
1160 3254 1314 3322 religiosum
1333 3270 1383 3305 oea
1402 3251 1426 3303 Z

368 3349 534 3417 illicitamp
641 3346 824 3414 mortalitatis]
845 3344 984 3412 religionis
1001 3361 1017 3397 e
1121 3340 1268 3395 8nduocet
1286 3339 1439 3406 religiosum
1457 3337 1490 3396 Z,

367 3436 480 3487 annotet
497 3433 652 3501 religiosum
671 3432 782 3484 aduocet
800 3431 957 3497 religiosum
976 3445 992 3482 c
1131 3442 1193 3478 nam
1212 3425 1316 3477 si...l.
1335 3426 1352 3473 9
1369 3422 1492 3476 exhibere

368 3521 457 3573 emt
571 3518 595 3570 si
612 3518 668 3586 nec]
687 3516 745 3569 siue
764 3517 805 3570 Ze
923 3529 970 3566 nec
988 3513 1081 3565 oceZ
1196 3508 1362 3577 compelleris
1380 3505 1494 3560 necessi-

368 3608 427 3659 tnte
446 3606 471 3658 Z
567 3603 649 3657 9deo
668 3604 694 3654 Ζ
792 3604 819 3653 tc
837 3601 1014 3653 christianum
1033 3599 1074 3650 Ze
1175 3596 1208 3649 10
1225 3611 1272 3647 nec
1291 3611 1340 3645 eoa
1361 3594 1408 3654 Ze,
1427 3607 1495 3658 quae

369 3692 453 3744 nect
528 3689 551 3741 si
569 3706 618 3742 om.
637 3705 687 3757 e·p;
704 3692 770 3741 ante
787 3687 810 3739 si
829 3686 945 3738 lamnae
963 3685 1071 3752 etenum
1085 3682 1168 3749 posui
1245 3680 1276 3731 11
1294 3677 1401 3731 domine
1420 3677 1461 3729 Ze

372 3777 405 3830 12
422 3775 567 3844 peculiaris
585 3795 613 3841 μ,
631 3772 804 3843 peculiariter·
822 3771 864 3825 Ze
968 3768 1001 3821 13
1019 3784 1035 3820 a
1052 3767 1129 3819 nobis
1149 3782 1200 3819 oce.
1220 3781 1236 3815 r
1344 3760 1408 3828 quid
1426 3759 1497 3827 qued

371 3879 416 3929 rp,
434 3860 564 3928 quidquid
583 3859 614 3921 Z,
633 3857 703 3926 qued
721 3859 755 3911 te
859 3853 902 3922 ed]
921 3869 951 3906 ac
970 3854 994 3904 Z
1104 3849 1236 3916 nostrum]
1255 3848 1371 3914 pertinet
1388 3844 1452 3898 add.
1471 3846 1497 3906 le,

373 3947 521 4015 pertineret
539 3944 603 3998 edd.
621 3961 638 3998 o
721 3942 754 3996 14
772 3941 889 4009 gentiles
906 3955 957 3992 om.
975 3953 992 3990 e
1073 3936 1107 3989 15
1126 3951 1221 4003 penem
1238 3936 1259 3986 t.
1279 3932 1421 4000 rapiuntur
1440 3930 1466 3982 Z

374 4035 408 4086 16
425 4033 572 4085 merebitur
589 4029 713 4098 deinceps
731 4030 749 4082 le
871 4025 903 4078 18
921 4026 949 4077 et
967 4039 1015 4076 uos
1033 4037 1067 4075 ex
1085 4023 1113 4073 et
1131 4036 1182 4072 nen
1202 4040 1221 4088 μ
1238 4035 1273 4070 m.
1291 4022 1317 4080 2,
1336 4033 1383 4070 nes
1401 4019 1429 4068 et
1446 4017 1464 4067 le

374 4136 426 4172 nen
445 4135 494 4170 eoa.
514 4119 554 4171 Ze
635 4118 668 4169 19
686 4114 799 4181 denique
811 4153 816 4164 .
828 4151 834 4163 .
846 4151 851 4161 .
862 4128 889 4180 p.
907 4114 971 4171 261,
989 4114 1003 4161 1
1023 4108 1146 4160 uolumus
1164 4121 1213 4158 one.
1232 4105 1250 4157 le
1321 4102 1357 4156 20
1374 4100 1500 4154 subleuat

376 4226 404 4273 μ,
423 4203 568 4271 amplectcs
586 4203 614 4256 Z
617 4221 624 4262 ;
643 4205 670 4254 et
689 4216 737 4254 nos
754 4197 819 4252 add.
838 4213 855 4252 v
960 4191 1270 4248 sublatos...uelumua
1288 4205 1337 4243 coc
1357 4204 1392 4255 ep
