3720 4920
632 419 946 491 desingularitate
964 419 1167 476 elericorum
1185 436 1209 475 c.
1229 422 1271 475 19.
1454 426 1516 491 195

382 578 467 638 callis
481 582 534 638 aut
547 579 684 639 fluctibus
699 577 843 653 inquietat
857 581 887 638 et
901 578 982 639 uelut
1002 579 1032 638 in
1047 579 1141 639 medio
1156 579 1229 639 mari
1244 579 1339 638 minus
1354 582 1454 639 cautos
1470 579 1517 637 in·

379 682 462 740 ducit
475 682 573 741 laxare
589 683 653 741 uela
667 697 720 741 nec
734 697 871 756 quaerere
885 682 1089 754 gubernacula,
1104 683 1137 739 ut
1152 682 1248 740 subita
1263 683 1435 754 tempestate
1449 699 1519 740 con·

380 781 487 842 duos
502 783 656 856 naufragos
671 799 707 842 ex
720 783 869 857 insperata
883 783 1068 842 commotione
1083 784 1260 856 submergat.
1273 782 1352 842 banc
1366 783 1457 857 primo
1469 798 1518 840 ex·

382 883 464 944 bibet
478 884 643 958 lenitatem,
673 888 707 945 ut
721 886 794 945 duas
809 902 897 945 naues
913 883 1037 945 oblectet
1058 885 1096 943 ed
1110 884 1234 945 inuicem
1250 885 1416 958 conuenire,
1446 901 1519 959 quas

358 1001 448 1046 scum
462 987 564 1046 lecerit
577 987 700 1059 iunctas,
716 987 876 1061 repentinis
888 986 1051 1046 turbinibus
1063 987 1093 1045 iu
1104 987 1288 1062 semetipsas
1303 986 1411 1046 elidere
1426 986 1519 1060 possit

382 1090 413 1148 et
427 1088 574 1163 frangere:
606 1093 636 1148 et
651 1090 697 1149 hie
711 1089 806 1149 utitur
819 1088 1042 1160 blandimentis,
1072 1088 1230 1148 subtractis
1256 1089 1390 1148 omnibus
1416 1087 1518 1149 iaculis

382 1207 555 1263 conpescens
565 1193 695 1265 aduersa,
712 1207 871 1266 suggerens
882 1208 1027 1264 prospers,
1044 1192 1074 1250 et
1084 1190 1194 1249 tamdiu
1206 1191 1333 1264 sopitum
1343 1190 1439 1265 ignem
1455 1191 1517 1249 sine

382 1290 452 1350 ullis
467 1293 589 1352 flammis
615 1293 757 1364 occultat,
784 1294 873 1353 donec
888 1295 959 1352 duas
975 1292 1087 1353 seculae
1103 1292 1225 1367 iungens
1240 1292 1331 1352 semel
1354 1293 1453 1352 ambas
1467 1310 1518 1352 sc-

382 1394 501 1452 cendst:
528 1398 559 1454 et
573 1395 684 1454 tamdiu
699 1397 795 1455 cessat
809 1394 948 1453 saeuitiae
965 1411 1033 1453 suae
1048 1393 1108 1453 tela
1123 1411 1301 1468 supponere,
1329 1395 1418 1453 donec
1444 1394 1518 1453 sicut

349 1495 495 1567 repetitus
509 1500 629 1556 uenator
643 1499 720 1571 quod
735 1497 881 1556 occisurus
895 1499 940 1554 est
954 1496 1051 1569 laquei
1066 1496 1112 1554 sui
1128 1494 1251 1554 uinculis
1271 1495 1382 1569 alliget.
1413 1499 1443 1554 at
1469 1495 1518 1555 ubi

382 1596 531 1657 insolubili
558 1601 660 1657 catena
686 1596 836 1657 deuinctos
862 1596 1048 1656 adstrinxerit
1074 1596 1155 1656 uelut
1169 1597 1277 1656 lanista
1299 1596 1431 1670 protinus
1446 1598 1517 1657 duos

382 1698 558 1772 gladiatores
574 1700 713 1758 aduersus
728 1698 852 1758 inuicem
873 1699 1018 1773 compellit
1040 1698 1146 1757 armari
1169 1700 1199 1757 et
1221 1699 1343 1758 subinde
1366 1698 1519 1758 stimulans

382 1803 510 1861 membru
525 1802 624 1861 statim
639 1800 753 1876 gladios
767 1803 859 1875 aptat,
886 1801 986 1860 statim
1011 1800 1160 1860 succendit
1173 1801 1316 1860 insaniam
1331 1804 1361 1860 et
1376 1801 1406 1858 iu
1420 1801 1516 1860 uului·

382 1903 452 1963 ficos
466 1903 616 1975 amplexus
631 1903 786 1977 inpingens
801 1906 953 1974 utrumque
969 1903 1058 1962 semel
1074 1919 1129 1961 une
1144 1902 1201 1961 icto
1216 1901 1380 1965 mortificat.
1411 1905 1454 1964 sic
1468 1921 1518 1962 er·

347 2023 373 2063 ra
383 2003 472 2078 plicat
489 2006 565 2079 quod
579 2009 646 2064 aute
661 2007 810 2078 praestare
827 2005 950 2075 uidetur,
976 2003 1019 2064 sic
1045 2005 1080 2063 de
1106 2003 1231 2078 simplici
1259 2004 1378 2064 cariata
1394 2022 1519 2066 amorem

383 2109 487 2166 couflct
512 2108 664 2180 inlicitum,
681 2108 724 2166 sic
738 2124 790 2180 per
806 2108 988 2166 sanctitatem
1004 2106 1170 2165 subinducit
1184 2106 1345 2178 interitum,
1369 2110 1437 2166 dum
1452 2125 1519 2167 con·

382 2212 481 2267 tentus
495 2211 542 2268 est
555 2210 665 2280 cedere,
681 2208 724 2267 sic
740 2208 820 2268 ualet
834 2208 938 2268 lortius
953 2225 1090 2280 occupare
1105 2211 1136 2266 et
1147 2209 1215 2266 duur
1231 2208 1393 2267 submissus
1407 2209 1519 2282 patitur

382 2309 581 2383 semetipsum
596 2311 734 2383 praebere
749 2310 903 2381 deuictum,
919 2310 961 2369 sic
976 2308 1090 2382 plenius
1106 2309 1256 2370 deuiucere
1271 2311 1421 2383 gloriatur.
1438 2310 1520 2368 cuius

383 2410 524 2469 uersutias
560 2410 668 2469 Paulus
712 2410 859 2483 spostolus
900 2411 941 2469 sic
972 2410 1116 2483 intellegit
1152 2410 1266 2470 dicens:
1312 2428 1380 2470 non
1424 2410 1519 2470 enim

347 2512 611 2585 roignorsmus,
634 2512 744 2587 inquit,
760 2512 925 2572 astutias
948 2513 1037 2571 eius.
1060 2512 1135 2572 male
1161 2513 1259 2585 itaque
1282 2513 1383 2573 inhac
1399 2513 1518 2586 partici-

380 2614 496 2687 patione
508 2615 603 2687 pacati
616 2617 684 2673 sunt
695 2615 744 2688 qui
756 2616 793 2674 ad
803 2614 881 2673 bella
896 2614 1063 2686 pacificante
1077 2615 1191 2674 diabolo
1206 2615 1402 2688 perducuntur
1417 2618 1448 2672 et
1462 2630 1519 2672 non

383 2714 455 2773 bene
470 2716 501 2773 in
515 2717 669 2776 sanctitate
685 2715 856 2789 proliciunt,
878 2717 983 2789 quibus
1007 2716 1043 2774 ed
1059 2717 1262 2776 detrimentum
1285 2715 1433 2789 profectus
1455 2716 1518 2788 ipse

383 2815 491 2876 inimici
505 2817 628 2877 artificio
644 2818 833 2890 subornetur,
862 2835 914 2877 uec
941 2820 1017 2877 recto
1044 2835 1129 2877 cursu
1152 2816 1311 2876 moliuntur
1325 2817 1517 2877 continentiae

381 2915 477 2977 scalas
492 2920 655 2990 ascendere,
679 2937 751 2994 quos
766 2924 799 2979 ut
823 2920 857 2978 de
879 2921 939 2979 alto
955 2920 1124 2994 praecipitet
1139 2918 1267 2979 elaborat
1282 2920 1320 2976 ad
1336 2918 1449 2978 culmen
1463 2920 1516 2978 ad-

346 3019 529 3079 necessarius
545 3020 697 3093 protelare.
718 3022 771 3081 sed
796 3039 911 3081 nemsse
937 3025 983 3080 est
1008 3021 1123 3081 caducis
1151 3020 1282 3094 lapsibus
1306 3020 1452 3080 elidantur
1466 3023 1516 3096 qui

382 3121 459 3180 ιιίιιιιι
473 3122 612 3180 lubricam
628 3125 791 3192 tenuerunt,
820 3123 854 3182 de
870 3140 927 3195 qua
949 3121 1081 3181 Salomon
1098 3123 1140 3180 sie
1155 3122 1303 3194 praedicat
1319 3121 1432 3180 dicens:
1457 3128 1518 3182 est

453 3372 485 3426 19
504 3372 531 3426 ll
550 3375 609 3428 Cor.
628 3373 654 3436 2,
675 3375 715 3426 11.
821 3373 855 3426 26
874 3373 952 3426 Pron.
973 3374 1012 3435 14,
1033 3375 1072 3427 12.

451 3613 627 3666 2ιεΙιιιιιεο
789 3614 937 3667 wncitatos
949 3631 985 3668 ex
997 3615 1065 3669 citos
1081 3615 1180 3670 (laist
1337 3617 1432 3685 bipsis
1450 3617 1484 3673 0¹

380 3700 400 3754 6
418 3703 450 3754 ut
467 3698 613 3752 subtractis
631 3715 648 3753 o
833 3700 896 3752 let
917 3700 978 3754 Oe.
995 3701 1012 3754 l.
1029 3718 1064 3756 m.
1083 3703 1111 3766 2,
1129 3717 1216 3756 οων
1397 3702 1519 3757 Soccul·

382 3788 458 3840 teto
545 3785 628 3838 semel
649 3784 679 3849 0,
699 3785 782 3838 simul
800 3803 831 3846 o;
849 3787 914 3853 item
931 3787 994 3839 114
1083 3785 1116 3840 10
1133 3788 1237 3855 peritus
1257 3804 1293 3841 es
1310 3787 1487 3855 periturusG'

382 3870 516 3940 laqueisui
540 3870 607 3925 (lui
625 3885 646 3924 a.
666 3869 683 3922 l.
701 3874 773 3923 ns2
894 3869 993 3938 alligat
1016 3871 1048 3925 Ο*
1173 3870 1205 3923 11
1223 3870 1366 3925 insolubili
1387 3871 1417 3934 0,
1434 3870 1519 3925 iudis-

382 3955 529 4012 solubilic
632 3955 798 4011 deuictoaO
901 3956 953 4011 duo
976 3956 1010 4012 0ι
1115 3957 1147 4012 13
1165 3957 1313 4012 succendit.
1332 3957 1443 4012 Insania
1463 3958 1488 4015 0

381 4044 411 4097 in
428 4057 514 4097 occu
653 4042 687 4096 15
705 4041 733 4096 iu
751 4057 868 4096 amorem
892 4043 957 4098 Ciu
976 4060 1039 4112 exp.
1055 4060 1091 4097 m.
1109 4047 1128 4096 2
1260 4044 1294 4097 16
1311 4043 1468 4098 subinducit
1489 4045 1519 4109 0,

383 4128 437 4182 sibi
454 4127 595 4182 inducito
715 4129 751 4181 21
768 4131 833 4183 suut
851 4143 885 4182 ee·
902 4144 994 4182 sumus
1016 4128 1125 4184 01112
1246 4129 1281 4183 22
1298 4132 1442 4199 prouectus
1463 4131 1487 4187 0

380 4213 417 4268 23
434 4218 506 4269 rccto
523 4230 559 4268 es
576 4217 648 4268 retro
670 4213 743 4269 Om.
762 4218 783 4268 2
869 4230 975 4269 cursum
994 4214 1153 4270 molliuntur
1175 4214 1209 4271 0¹
1303 4215 1339 4269 24
1356 4215 1430 4269 scala
1451 4216 1484 4271 0·

382 4300 502 4356 elaboret
523 4300 557 4357 0¹

1240 4393 1280 4453 13
1297 4392 1313 4428 ⁸
