3720 4920
399 324 457 386 190
850 312 1045 383 appendix.

394 473 582 535 saerosanctis
610 473 686 533 enim
716 472 802 532 iussis
824 472 906 533 nobis
934 470 1032 531 diuina
1053 471 1192 545 protectio
1223 471 1418 544 ministratur,
1447 469 1522 530 siout

395 576 497 636 Esaias
511 576 563 648 ait,
586 576 711 650 legem,
735 575 837 650 iuquit,
859 575 896 633 in
917 573 1147 634 adiutorium
1170 573 1288 633 dedit:
1311 572 1373 632 siue
1387 572 1522 633 iussioni·

395 677 451 737 bus
464 695 534 738 uero
548 678 653 737 diuinis
667 677 778 738 nullum
793 678 888 750 potest
902 693 965 736 esse
980 676 1166 751 praesidium.

347 781 386 838 16
441 779 528 839 Aliud
543 780 679 854 estquod
693 779 770 838 Deus
784 779 907 851 imperat
933 778 1027 837 faeere
1053 781 1084 836 et
1110 779 1190 837 aliud
1215 778 1358 837 uoluntati
1384 777 1445 836 eius
1471 777 1522 836 ob·
1554 759 1557 765 ’

395 882 512 942 sutem:
537 881 618 942 ouius
633 882 675 942 ite
689 885 758 940 sunt
772 881 908 940 mandata
921 882 1078 954 seruanda,
1102 883 1135 940 ut
1150 881 1176 939 si
1191 881 1301 955 aliquid
1316 879 1433 940 iusserit
1448 880 1545 954 quode

395 985 550 1043 seeundum
564 982 694 1043 homiues
708 983 845 1042 iniustum
863 983 1009 1054 uideatur,
1034 983 1141 1042 iustum
1156 984 1288 1042 eradatur
1314 984 1344 1040 et
1370 981 1428 1053 flat,
1455 984 1484 1040 et
1498 980 1524 1040 si

395 1086 502 1145 iustum
527 1084 664 1156 iusserit,
690 1085 796 1144 iustum
812 1085 966 1158 deputetur
980 1086 1010 1143 et
1023 1083 1090 1143 flat:
1113 1100 1177 1143 eum
1191 1082 1253 1142 sine
1269 1082 1389 1143 uictoria
1403 1099 1461 1142 non
1472 1099 1524 1157 po·

395 1189 454 1247 test
468 1204 531 1247 esee
546 1189 621 1260 quod
636 1188 771 1259 mandat,
799 1186 848 1260 qui
863 1189 965 1260 potens
980 1188 1026 1245 eat
1040 1185 1214 1245 iniustitiam
1229 1184 1407 1244 iustificando
1423 1200 1524 1245 uocare

396 1287 538 1348 iustitiam
564 1291 594 1348 et
608 1288 748 1348 iustitiam
763 1289 940 1361 reprobando
966 1287 1141 1347 iniustitiam
1165 1288 1287 1361 probare
1313 1289 1523 1359 transuersam,

395 1391 475 1449 euius
491 1391 624 1449 uoluntas
641 1393 686 1449 eet
701 1391 761 1449 sole
776 1394 806 1448 et
820 1408 890 1448 uera
904 1389 1025 1448 iustitia
1048 1389 1074 1448 si
1101 1389 1175 1448 enim
1191 1392 1282 1446 totum
1298 1388 1432 1461 quiequid
1446 1388 1523 1461 geri-
1535 1409 1560 1448 ro

395 1510 459 1551 mus
473 1492 511 1550 ed
525 1493 579 1552 hoo
593 1493 788 1552 tantummodo
803 1492 946 1565 gerimus,
963 1494 996 1550 ut
1007 1490 1128 1550 Domino
1142 1491 1316 1563 placeamus,
1332 1490 1460 1562 prolecto
1471 1491 1525 1550 hoo

396 1593 487 1651 solum
503 1593 558 1651 erit
573 1593 679 1652 iustum
697 1594 831 1667 quioquid
846 1593 970 1652 uoluerit
986 1596 1015 1651 et
1030 1592 1148 1651 iusserit
1162 1596 1191 1651 et
1206 1592 1370 1665 probauerit
1385 1591 1462 1650 lleus
1477 1591 1524 1651 oui

395 1695 507 1767 plaeere
522 1695 671 1768 gestimus.
699 1713 764 1755 uam
780 1713 843 1755 oum
858 1694 935 1754 serui
948 1711 1005 1753 non
1020 1694 1132 1766 possint
1146 1713 1164 1752 a
1178 1696 1268 1753 semet
1279 1694 1351 1767 ipsis
1367 1693 1439 1753 seire
1455 1694 1524 1768 quid

395 1796 456 1854 suia
467 1796 589 1856 dominis
596 1797 718 1870 placeat,
730 1796 786 1855 nisi
795 1796 969 1855 dominorum
982 1798 1140 1868 sequautur
1148 1795 1275 1868 imperia,
1285 1798 1314 1854 et
1326 1796 1422 1868 utique
1432 1795 1524 1854 homi·

394 1913 445 1956 nes
454 1926 487 1959 ss
496 1899 525 1957 et
540 1917 606 1955 cum
619 1899 675 1972 ipsi
692 1898 820 1958 homiues
835 1898 980 1957 homiuum
996 1898 1133 1958 similium
1147 1898 1204 1957 sibi
1219 1916 1276 1959 nou
1293 1898 1406 1958 ualeant
1421 1897 1523 1957 uolun·
1535 1919 1558 1957 re

394 2001 469 2058 tates
484 2014 648 2072 moerere,
664 2000 720 2057 nisi
731 2001 893 2073 acceperint
905 2002 979 2073 quod
992 2001 1159 2059 obseruent:
1175 2001 1266 2058 multo
1282 2001 1373 2073 magis
1388 2000 1524 2060 mortales

395 2101 527 2160 nesciunt
542 2102 712 2161 immortalis
724 2102 776 2160 Dei
791 2102 931 2160 iustitiam
947 2104 1184 2175 conprehendere,
1200 2103 1257 2160 uisi
1272 2103 1333 2175 ipse
1349 2103 1524 2161 iustitiarum

398 2218 513 2260 suarum
528 2203 662 2275 dignetur
683 2203 789 2262 iudicia
803 2205 1008 2275 demonstrare,
1024 2205 1099 2262 siout
1113 2204 1245 2263 Salomon
1257 2205 1397 2277 adprobat
1411 2205 1523 2263 dieems:

396 2303 479 2374 quis
514 2304 606 2363 enim
628 2304 809 2365 hominum
831 2305 973 2378 poterit
994 2305 1090 2364 seire
1112 2305 1310 2365 eonsilium
1342 2304 1427 2365 Deir
1462 2308 1523 2366 aut

392 2405 475 2475 quis
506 2405 650 2477 poterit
682 2407 848 2479 cogitare
871 2407 955 2478 quid
989 2406 1086 2465 uelit
1118 2407 1232 2465 Deus?
1273 2408 1561 2480 cogitationesro

392 2507 606 2565 mortalium
647 2508 803 2566 timidae
836 2511 871 2566 et
903 2507 1071 2567 incertae
1107 2508 1328 2581 prudentiae
1364 2513 1524 2571 nostrae.

393 2624 525 2680 eorpus
559 2609 652 2668 euim
685 2610 776 2682 quod
809 2610 1060 2681 corrumpitur
1096 2611 1278 2683 adgrauat
1311 2612 1463 2670 animam
1491 2615 1526 2671 et

392 2708 572 2782 deprimit
604 2713 757 2769 terrena
778 2710 1012 2771 inhabitatio
1045 2729 1186 2772 sensum
1215 2712 1328 2771 multa
1361 2713 1524 2787 cogitan-

392 2811 472 2868 tem.
496 2809 667 2869 difficile
691 2811 931 2871 aestimamus
953 2829 1043 2885 quae
1066 2814 1102 2872 iu
1125 2819 1228 2874 terra
1249 2816 1333 2873 suut
1365 2816 1400 2874 et
1433 2830 1525 2890 quae

392 2910 427 2969 in
466 2915 666 2985 prospectu
709 2918 794 2973 sunt
830 2915 1040 2975 inuenimus
1077 2933 1153 2976 oum
1186 2917 1328 2977 labore:
1366 2934 1455 2992 quae
1488 2918 1558 2979 iure

391 3011 508 3073 oaelis
557 3018 674 3073 autem
722 3015 813 3089 quis
856 3016 1139 3090 inuestigabitr
1199 3037 1346 3079 sensum
1399 3023 1523 3079 autem

391 3119 488 3174 tuum
523 3116 605 3188 quis
642 3117 734 3189 soit,
773 3117 846 3175 nisi
883 3120 920 3175 tu
957 3121 1102 3179 dederis
1139 3121 1364 3194 sapientiam
1401 3126 1435 3180 et
1462 3123 1521 3180 mi-

391 3215 487 3275 seris
534 3222 697 3277 sanetum
735 3219 915 3293 spiritum
953 3220 993 3279 de
1031 3221 1261 3282 altissimis?
1308 3226 1343 3281 et
1379 3223 1411 3282 si
1447 3239 1521 3282 eor·

458 3449 564 3501 ww
720 3450 1004 3520 amomo

458 3669 472 3721 1
491 3670 573 3723 iussis
590 3688 615 3734 o,
633 3673 662 3724 et
679 3671 760 3725 iustis
783 3674 805 3728 0
907 3673 1000 3727 diuina
1018 3677 1108 3730 om.G
1210 3677 1227 3730 6
1246 3677 1376 3731 iniustum
1395 3695 1484 3734 osseo

390 3754 404 3805 7
423 3756 562 3821 reputetur
580 3773 596 3808 o
699 3757 812 3811 uictoria
831 3758 859 3822 0,
879 3758 1020 3812 iustitiae
1124 3762 1140 3814 9
1159 3761 1281 3830 probare]
1301 3764 1441 3830 reprobare
1462 3767 1485 3819 C

389 3837 422 3891 10
440 3839 569 3907 quicquid
592 3842 621 3905 0,
641 3842 711 3909 quod
729 3861 745 3897 o
862 3845 892 3897 11
912 3845 973 3913 hoo]
992 3845 1078 3901 adhoc
1095 3849 1119 3903 0
1232 3849 1378 3918 metipsi
1396 3850 1517 3905 homiues

387 3940 473 3978 ormo
584 3941 644 3979 oum
662 3927 761 3982 addidi
875 3931 966 3983 ualent
988 3933 1011 3985 0
1123 3935 1287 4004 uoluntates]
1306 3938 1441 3990 utilitates
1462 3937 1484 3990 0

387 4010 422 4064 20
439 4010 618 4079 cogitationes
636 4013 741 4069 enimv
912 4017 1140 4089 teineritatis]
1159 4021 1287 4089 cogitatio
1306 4023 1394 4088 0;cs.
1414 4023 1515 4077 LXX:

387 4096 486 4163 βρίθει
504 4093 536 4150 τό
557 4098 661 4164 γεῶδες
681 4101 787 4166 salvor
885 4101 920 4156 25
937 4106 1076 4172 prospecto
1098 4106 1122 4161 0
1223 4108 1260 4163 26
1278 4111 1368 4162 autem
1386 4111 1483 4162 sunto

387 4179 423 4236 27
443 4182 491 4249 qui
513 4181 536 4238 G
636 4183 740 4239 dederis
759 4186 817 4241 aio
918 4188 954 4242 28
971 4189 1097 4257 spiritum
1115 4195 1272 4249 matema
