3720 4920
371 341 436 406 220
844 341 1027 410 Appendin

370 501 466 559 cadat.
482 499 532 573 qui
546 501 644 559 hostes
659 500 770 574 effugit,
785 502 822 559 ad
837 503 950 574 tempus
962 518 1013 574 pro
1029 500 1203 560 salutandus
1214 501 1306 560 causis
1318 502 1454 573 procedat
1465 501 1502 559 ad

370 601 474 661 faciem
494 605 524 661 et
550 602 653 660 iterum
679 602 737 661 cito
763 602 909 661 discedere
933 603 968 660 de
995 606 1148 674 conspectu
1173 601 1299 661 festinet.
1323 602 1428 676 ubique
1443 619 1498 675 gn·

371 705 476 763 standa
497 708 543 762 est
565 722 628 764 oum
648 704 832 775 mulieribus,
855 719 913 762 non
934 704 1126 763 continuanda
1146 703 1324 777 praesentia,
1346 704 1397 764 sed
1419 704 1503 777 quasi

372 806 558 865 transeunter
584 806 699 865 feminis
725 806 886 865 exhibenda
911 810 957 864 ost
984 808 1109 865 accessio
1136 808 1341 880 quodammodo
1368 805 1501 879 iugitiua.

373 909 571 980 proteruitatis
596 909 671 966 enim
692 907 749 966 iam
771 911 871 982 coepta
891 912 959 967 sunt
973 909 1182 981 repraesentari
1197 926 1309 982 semper
1324 909 1354 967 in
1370 910 1502 981 medium,
1515 931 1527 969 s

373 1011 403 1067 et
422 1009 594 1081 perditionis
615 1010 764 1069 meditatio
785 1013 832 1069 est
852 1009 1096 1081 frequentatiuum
1119 1010 1342 1069 intermulieres
1357 1010 1502 1069 celebrare

372 1127 546 1184 processum.
569 1113 603 1170 de
620 1129 676 1185 qua
692 1127 722 1169 rs
738 1111 821 1170 nobis
837 1111 969 1171 Salomon
984 1112 1161 1171 moderamen
1183 1113 1309 1184 inposuit
1330 1112 1446 1171 dicens:
1470 1113 1503 1171 in

375 1212 492 1272 modio
513 1213 704 1272 mulierum
726 1214 805 1272 noli
826 1213 1006 1272 assiduus
1034 1230 1122 1271 esse.
1160 1214 1202 1272 sic
1230 1213 1320 1287 igitur
1350 1214 1504 1284 ambulate,

376 1315 418 1374 sic
434 1313 523 1387 agite,
549 1318 582 1372 ut
604 1331 715 1387 semper
730 1314 761 1372 in
782 1314 897 1373 clericis
924 1313 1061 1373 ecclesiae
1085 1317 1201 1373 senatus
1221 1315 1360 1374 candidus
1383 1317 1505 1375 oeristet.

375 1418 515 1475 seueritas
530 1417 561 1475 in
578 1416 660 1476 uobis
675 1417 751 1475 eirca
766 1416 889 1475 feminas
905 1417 1012 1489 uigeat,
1029 1416 1186 1475 auctoritas
1198 1417 1314 1490 polleat,
1330 1418 1413 1492 uigor
1424 1421 1504 1477 tone·
1516 1438 1541 1478 ro

378 1521 454 1587 atur,
470 1520 600 1590 grauitas
616 1520 777 1577 nonoretur.

323 1611 367 1669 46
419 1618 458 1676 Vt
482 1620 567 1678 semel
595 1618 689 1677 omnia
709 1618 880 1692 colligamus
906 1620 943 1677 ad
965 1620 1133 1690 clausulam,
1160 1620 1334 1680 breuiarium
1353 1619 1507 1693 relegimus

377 1721 460 1780 nobis
477 1723 551 1794 quod
568 1722 602 1780 ad
618 1721 840 1792 conpendiosam
855 1720 1062 1792 plenitudinem
1083 1722 1215 1794 redigens
1237 1723 1384 1796 apostolus
1399 1721 1508 1780 Paulus

376 1824 518 1882 insinuat:
556 1825 596 1881 de
624 1831 763 1893 cetero,
800 1823 909 1895 inquit,
947 1823 1103 1894 fratros,
1141 1839 1385 1896 quaecumque
1422 1825 1508 1880 sunt

377 1942 471 1995 uara,
494 1941 739 1998 quaecumque
762 1924 903 1997 pudica,
920 1941 1163 1998 quaecumque
1185 1926 1296 1994 iusta,
1320 1940 1545 1998 quaecum-re

376 2044 444 2098 que
467 2029 611 2096 sancta,
644 2040 894 2096 quaecumque
917 2025 1106 2098 amabilia,
1131 2042 1376 2098 quaecumque
1397 2024 1511 2083 bonae

377 2128 511 2196 famae,
540 2127 571 2185 si
599 2144 667 2199 qua
690 2126 831 2196 uirtus,
869 2125 900 2184 si
929 2143 999 2198 qua
1025 2127 1108 2185 laus
1138 2127 1382 2199 disciplinae,
1419 2127 1511 2185 haec

379 2228 540 2301 cogitate
571 2245 657 2300 qnae
687 2226 893 2298 accepistis
921 2229 956 2283 et
984 2227 1180 2286 didicistis
1208 2231 1243 2287 et
1276 2227 1442 2286 audistis
1476 2229 1512 2284 et

378 2329 536 2388 uidistis
559 2329 593 2386 in
616 2345 676 2386 me.
700 2331 791 2386 haee
813 2327 913 2400 agito
936 2327 1082 2386 etDeus
1104 2328 1206 2401 pacis
1228 2332 1267 2387 et
1289 2328 1510 2387 dilectionis

381 2430 788 2490 erituobisoum.au1en.
1520 2453 1547 2493 20

546 3077 676 3174 Xllll.
714 3077 786 3174 llll
819 3074 1040 3171 DVPLlOl
1071 3071 1349 3171 MARTYRIO

742 3263 803 3345 ll)
838 3260 1158 3344 Fouuuuuuvu.

356 3649 372 3704 l
425 3620 621 3701 Multiiariam
636 3640 792 3712 multisque
813 3637 905 3697 modis
926 3654 980 3710 ago
1001 3638 1122 3709 gratias,
1147 3636 1300 3694 Fortunate
1316 3634 1388 3693 mihi
1411 3634 1440 3692 in
1457 3635 1515 3694 Do·

384 3745 460 3803 mino
476 3744 632 3814 carissimo,
659 3742 773 3802 diuinae
788 3741 972 3814 benignitati,
998 3739 1073 3812 quod
1088 3741 1117 3798 et
1132 3742 1211 3797 tuam
1226 3738 1363 3812 pietatem
1379 3737 1515 3796 excitauit

353 3949 356 3954 '
454 3944 470 3995 7
489 3943 537 3995 Sir.
556 3942 598 4004 42,
618 3942 659 3994 12.
774 3941 807 3994 14
826 3938 897 3992 Phil
916 3940 942 4001 4,
960 3941 984 3993 8.
1003 3940 1028 3993 9.

454 4128 762 4197 diroqueutantinmt‘
831 4130 864 4182 13
876 4127 973 4197 paulus
987 4126 1153 4195 apostolusv
1224 4125 1256 4178 14
1274 4124 1366 4192 inquit
1382 4139 1433 4177 oin.
1446 4139 1469 4177 v.
1485 4153 1515 4162 -

385 4215 503 4283 Explicit
520 4214 598 4283 (liber
615 4214 679 4268 add.
698 4231 732 4267 m.
751 4217 782 4281 2)
800 4213 833 4266 do
851 4214 1042 4282 singularitate
1060 4211 1213 4264 clerioorum
1235 4210 1264 4264 0.
1284 4239 1316 4249 -
