<?xml version="1.0" encoding="UTF-8"?>
<!DOCTYPE html PUBLIC "-//W3C//DTD XHTML 1.0 Transitional//EN"
    "http://www.w3.org/TR/xhtml1/DTD/xhtml1-transitional.dtd">
<html xmlns="http://www.w3.org/1999/xhtml" xml:lang="en" lang="en">
 <head>
  <title>
</title>
<meta http-equiv="Content-Type" content="text/html;charset=utf-8" />
  <meta name='ocr-system' content='tesseract 3.04.00' />
  <meta name='ocr-capabilities' content='ocr_page ocr_carea ocr_par ocr_line ocrx_word'/>
</head>
<body>
  <div class='ocr_page' id='page_1' title='image "./sthascicaecilic00cyprgoog_0367.png"; bbox 0 0 3720 4920; ppageno 0'>
   <div class='ocr_carea' id='block_1_1' title="bbox 403 312 1061 381">
    <p class='ocr_par' dir='ltr' id='par_1_1' title="bbox 403 312 1061 381">
     <span class='ocr_line' id='line_1_1' title="bbox 403 312 1061 381; baseline -0.005 -12"><span class='ocrx_word' id='word_1_1' title='bbox 403 316 466 381; x_wconf 79' lang='lat'>236</span> <span class='ocrx_word' id='word_1_2' title='bbox 877 312 1061 381; x_wconf 83' lang='lat' dir='ltr'>hppcudix.</span> 
     </span>
    </p>
   </div>
   <div class='ocr_carea' id='block_1_2' title="bbox 313 460 1571 3905">
    <p class='ocr_par' dir='ltr' id='par_1_2' title="bbox 313 460 1571 3905">
     <span class='ocr_line' id='line_1_2' title="bbox 400 460 1559 542; baseline -0.003 -12"><span class='ocrx_word' id='word_1_3' title='bbox 400 491 462 530; x_wconf 90' lang='lat' dir='ltr'>mus</span> <span class='ocrx_word' id='word_1_4' title='bbox 478 476 639 532; x_wconf 71' lang='lat' dir='ltr'><strong>metuentes</strong></span> <span class='ocrx_word' id='word_1_5' title='bbox 654 489 690 530; x_wconf 89' lang='lat' dir='ltr'>ue</span> <span class='ocrx_word' id='word_1_6' title='bbox 706 474 783 531; x_wconf 91' lang='lat' dir='ltr'>Deus</span> <span class='ocrx_word' id='word_1_7' title='bbox 798 472 888 530; x_wconf 87' lang='lat' dir='ltr'>iratus</span> <span class='ocrx_word' id='word_1_8' title='bbox 904 470 1011 530; x_wconf 82' lang='lat' dir='ltr'>fulmen</span> <span class='ocrx_word' id='word_1_9' title='bbox 1027 472 1056 529; x_wconf 92' lang='lat' dir='ltr'>in</span> <span class='ocrx_word' id='word_1_10' title='bbox 1069 489 1120 530; x_wconf 89' lang='lat' dir='ltr'>nos</span> <span class='ocrx_word' id='word_1_11' title='bbox 1137 473 1232 530; x_wconf 91' lang='lat' dir='ltr'>uibret</span> <span class='ocrx_word' id='word_1_12' title='bbox 1244 472 1302 530; x_wconf 89' lang='lat' dir='ltr'>irae</span> <span class='ocrx_word' id='word_1_13' title='bbox 1315 487 1393 542; x_wconf 90' lang='lat' dir='ltr'>suae,</span> <span class='ocrx_word' id='word_1_14' title='bbox 1410 488 1445 528; x_wconf 89' lang='lat' dir='ltr'>ue</span> <span class='ocrx_word' id='word_1_15' title='bbox 1457 474 1535 528; x_wconf 90' lang='lat' dir='ltr'>terra</span> <span class='ocrx_word' id='word_1_16' title='bbox 1555 460 1559 468; x_wconf 20' lang='grc' dir='ltr'>λ</span> 
     </span>
     <span class='ocr_line' id='line_1_3' title="bbox 402 571 1534 646; baseline -0.004 -12"><span class='ocrx_word' id='word_1_17' title='bbox 402 576 553 634; x_wconf 73' lang='lat' dir='ltr'><strong>dehiscens</strong></span> <span class='ocrx_word' id='word_1_18' title='bbox 568 591 619 633; x_wconf 93' lang='lat' dir='ltr'>nos</span> <span class='ocrx_word' id='word_1_19' title='bbox 635 576 809 633; x_wconf 76' lang='lat' dir='ltr'>absorbeat?</span> <span class='ocrx_word' id='word_1_20' title='bbox 834 577 866 631; x_wconf 91' lang='lat' dir='ltr'>ut</span> <span class='ocrx_word' id='word_1_21' title='bbox 888 574 1029 632; x_wconf 88' lang='lat' dir='ltr'>interdum</span> <span class='ocrx_word' id='word_1_22' title='bbox 1054 573 1139 631; x_wconf 88' lang='lat' dir='ltr'>nnius</span> <span class='ocrx_word' id='word_1_23' title='bbox 1162 572 1295 646; x_wconf 75' lang='lat' dir='ltr'>impietas</span> <span class='ocrx_word' id='word_1_24' title='bbox 1317 571 1450 646; x_wconf 91' lang='lat' dir='ltr'>supplicii</span> <span class='ocrx_word' id='word_1_25' title='bbox 1466 587 1534 630; x_wconf 88' lang='lat' dir='ltr'>eon·</span> 
     </span>
     <span class='ocr_line' id='line_1_4' title="bbox 399 675 1532 747; baseline -0.004 -10"><span class='ocrx_word' id='word_1_26' title='bbox 399 679 488 737; x_wconf 88' lang='lat' dir='ltr'>eortio</span> <span class='ocrx_word' id='word_1_27' title='bbox 504 678 610 737; x_wconf 88' lang='lat' dir='ltr'>multos</span> <span class='ocrx_word' id='word_1_28' title='bbox 627 676 770 736; x_wconf 89' lang='lat' dir='ltr'>inuoluat:</span> <span class='ocrx_word' id='word_1_29' title='bbox 788 680 818 734; x_wconf 92' lang='lat' dir='ltr'>ct</span> <span class='ocrx_word' id='word_1_30' title='bbox 833 680 900 734; x_wconf 89' lang='lat' dir='ltr'>suut</span> <span class='ocrx_word' id='word_1_31' title='bbox 915 676 1023 733; x_wconf 88' lang='lat' dir='ltr'>scelera</span> <span class='ocrx_word' id='word_1_32' title='bbox 1039 681 1097 733; x_wconf 91' lang='lat' dir='ltr'>tam</span> <span class='ocrx_word' id='word_1_33' title='bbox 1114 676 1259 745; x_wconf 88' lang='lat' dir='ltr'>immania,</span> <span class='ocrx_word' id='word_1_34' title='bbox 1283 680 1315 733; x_wconf 89' lang='lat' dir='ltr'>ut</span> <span class='ocrx_word' id='word_1_35' title='bbox 1337 675 1446 733; x_wconf 88' lang='lat' dir='ltr'>uidisse</span> <span class='ocrx_word' id='word_1_36' title='bbox 1461 692 1532 747; x_wconf 89' lang='lat' dir='ltr'>que·</span> 
     </span>
     <span class='ocr_line' id='line_1_5' title="bbox 398 775 1533 853; baseline -0.002 -17"><span class='ocrx_word' id='word_1_37' title='bbox 398 797 454 853; x_wconf 88' lang='lat' dir='ltr'>qne</span> <span class='ocrx_word' id='word_1_38' title='bbox 469 784 520 837; x_wconf 86' lang='lat' dir='ltr'>aut</span> <span class='ocrx_word' id='word_1_39' title='bbox 535 779 650 838; x_wconf 88' lang='lat' dir='ltr'>audisse</span> <span class='ocrx_word' id='word_1_40' title='bbox 666 779 706 837; x_wconf 88' lang='lat' dir='ltr'>sit</span> <span class='ocrx_word' id='word_1_41' title='bbox 720 777 901 838; x_wconf 82' lang='lat' dir='ltr'>detestabile.</span> <span class='ocrx_word' id='word_1_42' title='bbox 926 777 975 835; x_wconf 86' lang='lat' dir='ltr'>sed</span> <span class='ocrx_word' id='word_1_43' title='bbox 1001 795 1051 834; x_wconf 90' lang='lat' dir='ltr'>cur</span> <span class='ocrx_word' id='word_1_44' title='bbox 1078 776 1151 835; x_wconf 87' lang='lat' dir='ltr'>alias</span> <span class='ocrx_word' id='word_1_45' title='bbox 1167 778 1195 833; x_wconf 87' lang='lat' dir='ltr'>in</span> <span class='ocrx_word' id='word_1_46' title='bbox 1223 776 1311 834; x_wconf 80' lang='lat' dir='ltr'>simili</span> <span class='ocrx_word' id='word_1_47' title='bbox 1333 775 1450 834; x_wconf 89' lang='lat' dir='ltr'>crimine</span> <span class='ocrx_word' id='word_1_48' title='bbox 1473 781 1533 834; x_wconf 88' lang='lat' dir='ltr'>tam</span> 
     </span>
     <span class='ocr_line' id='line_1_6' title="bbox 399 879 1556 940; baseline 0 0"><span class='ocrx_word' id='word_1_49' title='bbox 399 899 498 940; x_wconf 87' lang='lat' dir='ltr'>sumus</span> <span class='ocrx_word' id='word_1_50' title='bbox 514 881 723 940; x_wconf 81' lang='lat' dir='ltr'>considentes?</span> <span class='ocrx_word' id='word_1_51' title='bbox 754 898 804 938; x_wconf 91' lang='lat' dir='ltr'>cur</span> <span class='ocrx_word' id='word_1_52' title='bbox 830 885 860 938; x_wconf 90' lang='lat' dir='ltr'>et</span> <span class='ocrx_word' id='word_1_53' title='bbox 886 881 966 938; x_wconf 90' lang='lat' dir='ltr'>nobis</span> <span class='ocrx_word' id='word_1_54' title='bbox 988 881 1058 937; x_wconf 89' lang='lat' dir='ltr'>adeo</span> <span class='ocrx_word' id='word_1_55' title='bbox 1075 880 1237 938; x_wconf 79' lang='lat' dir='ltr'>blandimur</span> <span class='ocrx_word' id='word_1_56' title='bbox 1260 882 1290 936; x_wconf 92' lang='lat' dir='ltr'>et</span> <span class='ocrx_word' id='word_1_57' title='bbox 1312 879 1386 936; x_wconf 88' lang='lat' dir='ltr'>aliis.</span> <span class='ocrx_word' id='word_1_58' title='bbox 1411 882 1442 936; x_wconf 89' lang='lat' dir='ltr'>at</span> <span class='ocrx_word' id='word_1_59' title='bbox 1469 879 1556 940; x_wconf 77' lang='lat' dir='ltr'>uider</span> 
     </span>
     <span class='ocr_line' id='line_1_7' title="bbox 397 981 1537 1056; baseline -0.002 -16"><span class='ocrx_word' id='word_1_60' title='bbox 397 983 466 1056; x_wconf 88' lang='lat' dir='ltr'>quid</span> <span class='ocrx_word' id='word_1_61' title='bbox 486 984 520 1042; x_wconf 91' lang='lat' dir='ltr'>de</span> <span class='ocrx_word' id='word_1_62' title='bbox 536 983 646 1041; x_wconf 84' lang='lat' dir='ltr'>talibus</span> <span class='ocrx_word' id='word_1_63' title='bbox 661 981 789 1056; x_wconf 88' lang='lat' dir='ltr'>loquitur</span> <span class='ocrx_word' id='word_1_64' title='bbox 815 983 961 1054; x_wconf 90' lang='lat' dir='ltr'>apostolus</span> <span class='ocrx_word' id='word_1_65' title='bbox 988 982 1117 1040; x_wconf 88' lang='lat' dir='ltr'>scribens</span> <span class='ocrx_word' id='word_1_66' title='bbox 1132 981 1213 1040; x_wconf 85' lang='lat' dir='ltr'>Tito:</span> <span class='ocrx_word' id='word_1_67' title='bbox 1245 981 1476 1053; x_wconf 78' lang='lat' dir='ltr'>profitentur</span> <span class='ocrx_word' id='word_1_68' title='bbox 1501 997 1537 1039; x_wconf 89' lang='lat' dir='ltr'>se</span> 
     </span>
     <span class='ocr_line' id='line_1_8' title="bbox 400 1082 1534 1155; baseline -0.003 -13"><span class='ocrx_word' id='word_1_69' title='bbox 400 1102 506 1143; x_wconf 89' lang='lat' dir='ltr'>nosse</span> <span class='ocrx_word' id='word_1_70' title='bbox 529 1086 654 1154; x_wconf 89' lang='lat' dir='ltr'>Deum,</span> <span class='ocrx_word' id='word_1_71' title='bbox 677 1084 794 1143; x_wconf 85' lang='lat' dir='ltr'>factis</span> <span class='ocrx_word' id='word_1_72' title='bbox 815 1088 936 1141; x_wconf 87' lang='lat' dir='ltr'>autem</span> <span class='ocrx_word' id='word_1_73' title='bbox 959 1085 1108 1155; x_wconf 70' lang='lat' dir='ltr'>negant.</span> <span class='ocrx_word' id='word_1_74' title='bbox 1133 1083 1207 1140; x_wconf 92' lang='lat' dir='ltr'>idem</span> <span class='ocrx_word' id='word_1_75' title='bbox 1232 1082 1262 1139; x_wconf 91' lang='lat' dir='ltr'>in</span> <span class='ocrx_word' id='word_1_76' title='bbox 1278 1083 1371 1155; x_wconf 90' lang='lat' dir='ltr'>priore</span> <span class='ocrx_word' id='word_1_77' title='bbox 1387 1082 1422 1139; x_wconf 87' lang='lat' dir='ltr'>ad</span> <span class='ocrx_word' id='word_1_78' title='bbox 1438 1082 1534 1139; x_wconf 79' lang='lat' dir='ltr'>Timo-</span> 
     </span>
     <span class='ocr_line' id='line_1_9' title="bbox 403 1185 1534 1259; baseline 0.001 -16"><span class='ocrx_word' id='word_1_79' title='bbox 403 1189 500 1245; x_wconf 91' lang='lat' dir='ltr'>theum</span> <span class='ocrx_word' id='word_1_80' title='bbox 522 1189 557 1245; x_wconf 90' lang='lat' dir='ltr'>de</span> <span class='ocrx_word' id='word_1_81' title='bbox 580 1187 667 1244; x_wconf 92' lang='lat' dir='ltr'>uidua</span> <span class='ocrx_word' id='word_1_82' title='bbox 690 1201 763 1259; x_wconf 88' lang='lat' dir='ltr'>quae</span> <span class='ocrx_word' id='word_1_83' title='bbox 779 1186 903 1258; x_wconf 78' lang='lat' dir='ltr'>negligit</span> <span class='ocrx_word' id='word_1_84' title='bbox 918 1185 1072 1243; x_wconf 81' lang='lat' dir='ltr'>familiam:</span> <span class='ocrx_word' id='word_1_85' title='bbox 1104 1185 1135 1242; x_wconf 91' lang='lat' dir='ltr'>si</span> <span class='ocrx_word' id='word_1_86' title='bbox 1158 1202 1227 1256; x_wconf 86' lang='lat' dir='ltr'>qua</span> <span class='ocrx_word' id='word_1_87' title='bbox 1249 1187 1367 1243; x_wconf 90' lang='lat' dir='ltr'>autem</span> <span class='ocrx_word' id='word_1_88' title='bbox 1389 1202 1534 1244; x_wconf 89' lang='lat' dir='ltr'>sucrum</span> 
     </span>
     <span class='ocr_line' id='line_1_10' title="bbox 397 1286 1538 1358; baseline -0.001 -14"><span class='ocrx_word' id='word_1_89' title='bbox 397 1289 550 1346; x_wconf 84' lang='lat' dir='ltr'>maxime</span> <span class='ocrx_word' id='word_1_90' title='bbox 572 1290 854 1346; x_wconf 87' lang='lat' dir='ltr'>domesticorum</span> <span class='ocrx_word' id='word_1_91' title='bbox 878 1304 996 1346; x_wconf 86' lang='lat' dir='ltr'>curem</span> <span class='ocrx_word' id='word_1_92' title='bbox 1020 1287 1230 1355; x_wconf 88' lang='lat' dir='ltr'>nonhabet,</span> <span class='ocrx_word' id='word_1_93' title='bbox 1255 1286 1364 1344; x_wconf 80' lang='lat' dir='ltr'>fidem</span> <span class='ocrx_word' id='word_1_94' title='bbox 1388 1287 1538 1358; x_wconf 77' lang='lat' dir='ltr'>negauit</span> 
     </span>
     <span class='ocr_line' id='line_1_11' title="bbox 398 1388 1571 1461; baseline 0.001 -15"><span class='ocrx_word' id='word_1_95' title='bbox 398 1393 436 1446; x_wconf 88' lang='lat' dir='ltr'>ot</span> <span class='ocrx_word' id='word_1_96' title='bbox 466 1394 521 1447; x_wconf 87' lang='lat' dir='ltr'>est</span> <span class='ocrx_word' id='word_1_97' title='bbox 544 1390 698 1448; x_wconf 80' lang='lat' dir='ltr'>infideli</span> <span class='ocrx_word' id='word_1_98' title='bbox 722 1392 895 1448; x_wconf 85' lang='lat' dir='ltr'>deterior.</span> <span class='ocrx_word' id='word_1_99' title='bbox 933 1390 957 1445; x_wconf 89' lang='lat' dir='ltr'>si</span> <span class='ocrx_word' id='word_1_100' title='bbox 985 1389 1068 1446; x_wconf 81' lang='lat' dir='ltr'>tidem</span> <span class='ocrx_word' id='word_1_101' title='bbox 1098 1389 1216 1461; x_wconf 80' lang='lat' dir='ltr'>negauit</span> <span class='ocrx_word' id='word_1_102' title='bbox 1243 1405 1315 1460; x_wconf 90' lang='lat' dir='ltr'>quae</span> <span class='ocrx_word' id='word_1_103' title='bbox 1342 1388 1571 1460; x_wconf 83' lang='lat' dir='ltr'>negligentiusro</span> 
     </span>
     <span class='ocr_line' id='line_1_12' title="bbox 404 1490 1536 1563; baseline 0 -14"><span class='ocrx_word' id='word_1_104' title='bbox 404 1492 492 1549; x_wconf 87' lang='lat' dir='ltr'>habet</span> <span class='ocrx_word' id='word_1_105' title='bbox 507 1510 588 1550; x_wconf 88' lang='lat' dir='ltr'>suam</span> <span class='ocrx_word' id='word_1_106' title='bbox 603 1494 752 1561; x_wconf 80' lang='lat' dir='ltr'>familiam,</span> <span class='ocrx_word' id='word_1_107' title='bbox 770 1492 837 1563; x_wconf 91' lang='lat' dir='ltr'>quid</span> <span class='ocrx_word' id='word_1_108' title='bbox 853 1493 996 1550; x_wconf 90' lang='lat' dir='ltr'>dicturum</span> <span class='ocrx_word' id='word_1_109' title='bbox 1010 1495 1095 1563; x_wconf 90' lang='lat' dir='ltr'>putas</span> <span class='ocrx_word' id='word_1_110' title='bbox 1110 1491 1145 1547; x_wconf 91' lang='lat' dir='ltr'>de</span> <span class='ocrx_word' id='word_1_111' title='bbox 1160 1491 1208 1548; x_wconf 90' lang='lat' dir='ltr'>his</span> <span class='ocrx_word' id='word_1_112' title='bbox 1223 1491 1272 1563; x_wconf 83' lang='lat' dir='ltr'>qui</span> <span class='ocrx_word' id='word_1_113' title='bbox 1289 1508 1319 1548; x_wconf 90' lang='lat' dir='ltr'>se</span> <span class='ocrx_word' id='word_1_114' title='bbox 1335 1495 1411 1550; x_wconf 87' lang='lat' dir='ltr'>totos</span> <span class='ocrx_word' id='word_1_115' title='bbox 1420 1490 1536 1549; x_wconf 91' lang='lat' dir='ltr'>dedide-</span> 
     </span>
     <span class='ocr_line' id='line_1_13' title="bbox 401 1592 1536 1666; baseline 0.002 -16"><span class='ocrx_word' id='word_1_116' title='bbox 401 1596 471 1650; x_wconf 92' lang='lat' dir='ltr'>ruut</span> <span class='ocrx_word' id='word_1_117' title='bbox 498 1611 674 1652; x_wconf 87' lang='lat' dir='ltr'>mammonae</span> <span class='ocrx_word' id='word_1_118' title='bbox 701 1599 730 1651; x_wconf 86' lang='lat' dir='ltr'>ct</span> <span class='ocrx_word' id='word_1_119' title='bbox 757 1594 873 1651; x_wconf 81' lang='lat' dir='ltr'>uentri?</span> <span class='ocrx_word' id='word_1_120' title='bbox 904 1593 938 1650; x_wconf 88' lang='lat' dir='ltr'>de</span> <span class='ocrx_word' id='word_1_121' title='bbox 965 1592 1138 1650; x_wconf 83' lang='lat' dir='ltr'>Christianis</span> <span class='ocrx_word' id='word_1_122' title='bbox 1160 1594 1258 1665; x_wconf 89' lang='lat' dir='ltr'>utique</span> <span class='ocrx_word' id='word_1_123' title='bbox 1281 1594 1407 1666; x_wconf 89' lang='lat' dir='ltr'>loquitur</span> <span class='ocrx_word' id='word_1_124' title='bbox 1429 1595 1536 1652; x_wconf 89' lang='lat' dir='ltr'>Paulus</span> 
     </span>
     <span class='ocr_line' id='line_1_14' title="bbox 401 1693 1534 1767; baseline 0 -16"><span class='ocrx_word' id='word_1_125' title='bbox 401 1693 532 1752; x_wconf 87' lang='lat' dir='ltr'>scribens</span> <span class='ocrx_word' id='word_1_126' title='bbox 562 1696 813 1767; x_wconf 78' lang='lat' dir='ltr'>Philippensibus,</span> <span class='ocrx_word' id='word_1_127' title='bbox 854 1711 917 1751; x_wconf 90' lang='lat' dir='ltr'>cum</span> <span class='ocrx_word' id='word_1_128' title='bbox 943 1693 1000 1750; x_wconf 88' lang='lat' dir='ltr'>ait:</span> <span class='ocrx_word' id='word_1_129' title='bbox 1032 1711 1181 1765; x_wconf 90' lang='lat' dir='ltr'>quorum</span> <span class='ocrx_word' id='word_1_130' title='bbox 1217 1695 1308 1751; x_wconf 83' lang='lat' dir='ltr'>sinis</span> <span class='ocrx_word' id='word_1_131' title='bbox 1338 1695 1534 1765; x_wconf 91' lang='lat' dir='ltr'>interitus,</span> 
     </span>
     <span class='ocr_line' id='line_1_15' title="bbox 403 1796 1535 1867; baseline 0.004 -16"><span class='ocrx_word' id='word_1_132' title='bbox 403 1813 552 1867; x_wconf 90' lang='lat' dir='ltr'>quorum</span> <span class='ocrx_word' id='word_1_133' title='bbox 574 1797 670 1854; x_wconf 89' lang='lat' dir='ltr'>Deus</span> <span class='ocrx_word' id='word_1_134' title='bbox 692 1800 821 1855; x_wconf 85' lang='lat' dir='ltr'>uenter</span> <span class='ocrx_word' id='word_1_135' title='bbox 844 1802 909 1854; x_wconf 90' lang='lat' dir='ltr'>est.</span> <span class='ocrx_word' id='word_1_136' title='bbox 933 1813 1004 1867; x_wconf 86' lang='lat' dir='ltr'>qucs</span> <span class='ocrx_word' id='word_1_137' title='bbox 1019 1796 1133 1853; x_wconf 90' lang='lat' dir='ltr'>eosdem</span> <span class='ocrx_word' id='word_1_138' title='bbox 1148 1799 1229 1854; x_wconf 83' lang='lat' dir='ltr'>taxat</span> <span class='ocrx_word' id='word_1_139' title='bbox 1244 1796 1373 1854; x_wconf 89' lang='lat' dir='ltr'>scribens</span> <span class='ocrx_word' id='word_1_140' title='bbox 1385 1796 1535 1855; x_wconf 87' lang='lat' dir='ltr'>Romanis:</span> 
     </span>
     <span class='ocr_line' id='line_1_16' title="bbox 404 1897 1569 1967; baseline 0 -15"><span class='ocrx_word' id='word_1_141' title='bbox 404 1897 611 1955; x_wconf 88' lang='lat' dir='ltr'>huiusmodi</span> <span class='ocrx_word' id='word_1_142' title='bbox 650 1898 799 1955; x_wconf 77' lang='lat' dir='ltr'>Christo</span> <span class='ocrx_word' id='word_1_143' title='bbox 843 1898 988 1954; x_wconf 86' lang='lat' dir='ltr'>Domino</span> <span class='ocrx_word' id='word_1_144' title='bbox 1038 1914 1104 1953; x_wconf 92' lang='lat' dir='ltr'>non</span> <span class='ocrx_word' id='word_1_145' title='bbox 1148 1898 1336 1967; x_wconf 87' lang='lat' dir='ltr'>seruiunt,</span> <span class='ocrx_word' id='word_1_146' title='bbox 1374 1899 1435 1954; x_wconf 88' lang='lat' dir='ltr'>sed</span> <span class='ocrx_word' id='word_1_147' title='bbox 1472 1916 1569 1956; x_wconf 79' lang='lat' dir='ltr'>suom</span> 
     </span>
     <span class='ocr_line' id='line_1_17' title="bbox 402 1998 1533 2071; baseline 0.001 -16"><span class='ocrx_word' id='word_1_148' title='bbox 402 1999 536 2056; x_wconf 87' lang='lat' dir='ltr'>uentri.</span> <span class='ocrx_word' id='word_1_149' title='bbox 561 1999 671 2057; x_wconf 88' lang='lat' dir='ltr'>seruire</span> <span class='ocrx_word' id='word_1_150' title='bbox 698 2002 776 2057; x_wconf 84' lang='lat' dir='ltr'>iuxta</span> <span class='ocrx_word' id='word_1_151' title='bbox 793 2001 1000 2071; x_wconf 84' lang='lat' dir='ltr'>scripturarum</span> <span class='ocrx_word' id='word_1_152' title='bbox 1016 1998 1249 2056; x_wconf 88' lang='lat' dir='ltr'>consuetudinem</span> <span class='ocrx_word' id='word_1_153' title='bbox 1275 1999 1347 2055; x_wconf 82' lang='lat' dir='ltr'>dixit</span> <span class='ocrx_word' id='word_1_154' title='bbox 1367 2016 1417 2071; x_wconf 87' lang='lat' dir='ltr'>pro</span> <span class='ocrx_word' id='word_1_155' title='bbox 1433 1999 1533 2058; x_wconf 88' lang='lat' dir='ltr'>colere.</span> 
     </span>
     <span class='ocr_line' id='line_1_18' title="bbox 402 2101 1535 2173; baseline 0.003 -18"><span class='ocrx_word' id='word_1_156' title='bbox 402 2104 531 2158; x_wconf 84' lang='lat' dir='ltr'>uentrem</span> <span class='ocrx_word' id='word_1_157' title='bbox 552 2103 652 2160; x_wconf 88' lang='lat' dir='ltr'>colunt</span> <span class='ocrx_word' id='word_1_158' title='bbox 679 2121 742 2160; x_wconf 91' lang='lat' dir='ltr'>eum</span> <span class='ocrx_word' id='word_1_159' title='bbox 758 2120 841 2173; x_wconf 88' lang='lat' dir='ltr'>quom</span> <span class='ocrx_word' id='word_1_160' title='bbox 857 2103 964 2158; x_wconf 84' lang='lat' dir='ltr'>habent</span> <span class='ocrx_word' id='word_1_161' title='bbox 980 2119 1029 2172; x_wconf 85' lang='lat' dir='ltr'>pro</span> <span class='ocrx_word' id='word_1_162' title='bbox 1047 2103 1113 2158; x_wconf 83' lang='lat' dir='ltr'>hoo.</span> <span class='ocrx_word' id='word_1_163' title='bbox 1146 2102 1203 2158; x_wconf 87' lang='lat' dir='ltr'>iam</span> <span class='ocrx_word' id='word_1_164' title='bbox 1218 2103 1253 2158; x_wconf 91' lang='lat' dir='ltr'>de</span> <span class='ocrx_word' id='word_1_165' title='bbox 1269 2101 1391 2158; x_wconf 86' lang='lat' dir='ltr'>auaritia</span> <span class='ocrx_word' id='word_1_166' title='bbox 1414 2101 1504 2159; x_wconf 84' lang='lat' dir='ltr'>manif</span> <span class='ocrx_word' id='word_1_167' title='bbox 1519 2132 1535 2143; x_wconf 94' lang='lat'>-</span> 
     </span>
     <span class='ocr_line' id='line_1_19' title="bbox 398 2201 1533 2274; baseline 0.002 -17"><span class='ocrx_word' id='word_1_168' title='bbox 398 2201 475 2259; x_wconf 89' lang='lat' dir='ltr'>atius</span> <span class='ocrx_word' id='word_1_169' title='bbox 491 2205 577 2260; x_wconf 86' lang='lat' dir='ltr'>ctiam</span> <span class='ocrx_word' id='word_1_170' title='bbox 594 2205 761 2274; x_wconf 88' lang='lat' dir='ltr'>pronuntiat</span> <span class='ocrx_word' id='word_1_171' title='bbox 780 2204 905 2260; x_wconf 88' lang='lat' dir='ltr'>scribens</span> <span class='ocrx_word' id='word_1_172' title='bbox 931 2204 965 2259; x_wconf 85' lang='lat' dir='ltr'>ad</span> <span class='ocrx_word' id='word_1_173' title='bbox 990 2203 1186 2260; x_wconf 73' lang='lat' dir='ltr'>colossenses:</span> <span class='ocrx_word' id='word_1_174' title='bbox 1218 2203 1465 2272; x_wconf 81' lang='lat' dir='ltr'>mortificate,</span> <span class='ocrx_word' id='word_1_175' title='bbox 1490 2203 1533 2260; x_wconf 91' lang='lat' dir='ltr'>in·</span> 
     </span>
     <span class='ocr_line' id='line_1_20' title="bbox 400 2304 1533 2376; baseline 0.002 -16"><span class='ocrx_word' id='word_1_176' title='bbox 400 2304 478 2375; x_wconf 86' lang='lat' dir='ltr'>quit,</span> <span class='ocrx_word' id='word_1_177' title='bbox 510 2305 667 2362; x_wconf 84' lang='lat' dir='ltr'>membra</span> <span class='ocrx_word' id='word_1_178' title='bbox 693 2308 928 2376; x_wconf 77' lang='lat' dir='ltr'>nostroquae</span> <span class='ocrx_word' id='word_1_179' title='bbox 953 2309 1038 2360; x_wconf 88' lang='lat' dir='ltr'>sunt</span> <span class='ocrx_word' id='word_1_180' title='bbox 1069 2322 1177 2373; x_wconf 87' lang='lat' dir='ltr'>super</span> <span class='ocrx_word' id='word_1_181' title='bbox 1199 2310 1349 2374; x_wconf 82' lang='lat' dir='ltr'>terram,</span> <span class='ocrx_word' id='word_1_182' title='bbox 1373 2305 1533 2362; x_wconf 83' lang='lat' dir='ltr'>fornica-</span> 
     </span>
     <span class='ocr_line' id='line_1_21' title="bbox 398 2405 1569 2476; baseline 0.007 -16"><span class='ocrx_word' id='word_1_183' title='bbox 398 2405 535 2463; x_wconf 90' lang='lat' dir='ltr'>tionem</span> <span class='ocrx_word' id='word_1_184' title='bbox 559 2406 826 2463; x_wconf 89' lang='lat' dir='ltr'>immunditiam</span> <span class='ocrx_word' id='word_1_185' title='bbox 843 2406 1031 2462; x_wconf 82' lang='lat' dir='ltr'>libidinem</span> <span class='ocrx_word' id='word_1_186' title='bbox 1049 2406 1392 2476; x_wconf 87' lang='lat' dir='ltr'>concupiscentiam</span> <span class='ocrx_word' id='word_1_187' title='bbox 1408 2406 1569 2468; x_wconf 82' lang='lat' dir='ltr'>malamec</span> 
     </span>
     <span class='ocr_line' id='line_1_22' title="bbox 398 2506 1371 2579; baseline -0.001 -15"><span class='ocrx_word' id='word_1_188' title='bbox 398 2509 435 2564; x_wconf 91' lang='lat' dir='ltr'>ct</span> <span class='ocrx_word' id='word_1_189' title='bbox 457 2508 676 2576; x_wconf 87' lang='lat' dir='ltr'>auaritiam,</span> <span class='ocrx_word' id='word_1_190' title='bbox 700 2525 789 2579; x_wconf 87' lang='lat' dir='ltr'>quae</span> <span class='ocrx_word' id='word_1_191' title='bbox 813 2510 869 2564; x_wconf 84' lang='lat' dir='ltr'>est</span> <span class='ocrx_word' id='word_1_192' title='bbox 890 2506 1169 2564; x_wconf 82' lang='lat' dir='ltr'>simulacrorum</span> <span class='ocrx_word' id='word_1_193' title='bbox 1195 2507 1371 2564; x_wconf 88' lang='lat' dir='ltr'>seruitus.</span> 
     </span>
     <span class='ocr_line' id='line_1_23' title="bbox 346 2608 1533 2681; baseline 0.002 -17"><span class='ocrx_word' id='word_1_194' title='bbox 346 2615 385 2673; x_wconf 79' lang='lat'>25</span> <span class='ocrx_word' id='word_1_195' title='bbox 447 2608 619 2666; x_wconf 83' lang='lat' dir='ltr'>Execramur</span> <span class='ocrx_word' id='word_1_196' title='bbox 634 2625 682 2665; x_wconf 90' lang='lat' dir='ltr'>eos</span> <span class='ocrx_word' id='word_1_197' title='bbox 697 2609 746 2681; x_wconf 89' lang='lat' dir='ltr'>qui</span> <span class='ocrx_word' id='word_1_198' title='bbox 762 2610 948 2680; x_wconf 88' lang='lat' dir='ltr'>procumbunt</span> <span class='ocrx_word' id='word_1_199' title='bbox 963 2609 998 2665; x_wconf 87' lang='lat' dir='ltr'>ad</span> <span class='ocrx_word' id='word_1_200' title='bbox 1014 2608 1124 2664; x_wconf 89' lang='lat' dir='ltr'>Dianae</span> <span class='ocrx_word' id='word_1_201' title='bbox 1141 2608 1343 2666; x_wconf 80' lang='lat' dir='ltr'>simulacrum:</span> <span class='ocrx_word' id='word_1_202' title='bbox 1367 2613 1472 2681; x_wconf 88' lang='lat' dir='ltr'>quanto</span> <span class='ocrx_word' id='word_1_203' title='bbox 1489 2609 1533 2666; x_wconf 91' lang='lat' dir='ltr'>in·</span> 
     </span>
     <span class='ocr_line' id='line_1_24' title="bbox 402 2710 1533 2784; baseline 0.001 -17"><span class='ocrx_word' id='word_1_204' title='bbox 402 2710 479 2768; x_wconf 87' lang='lat' dir='ltr'>stius</span> <span class='ocrx_word' id='word_1_205' title='bbox 495 2728 543 2769; x_wconf 89' lang='lat' dir='ltr'>eos</span> <span class='ocrx_word' id='word_1_206' title='bbox 560 2728 740 2783; x_wconf 78' lang='lat' dir='ltr'>execramur,</span> <span class='ocrx_word' id='word_1_207' title='bbox 771 2713 818 2784; x_wconf 84' lang='lat' dir='ltr'>qui</span> <span class='ocrx_word' id='word_1_208' title='bbox 837 2715 896 2770; x_wconf 89' lang='lat' dir='ltr'>toto</span> <span class='ocrx_word' id='word_1_209' title='bbox 912 2715 1024 2782; x_wconf 89' lang='lat' dir='ltr'>pectore</span> <span class='ocrx_word' id='word_1_210' title='bbox 1047 2711 1179 2768; x_wconf 90' lang='lat' dir='ltr'>seruiunt</span> <span class='ocrx_word' id='word_1_211' title='bbox 1201 2727 1393 2782; x_wconf 87' lang='lat' dir='ltr'>rnammonae,</span> <span class='ocrx_word' id='word_1_212' title='bbox 1417 2712 1464 2782; x_wconf 85' lang='lat' dir='ltr'>qui</span> <span class='ocrx_word' id='word_1_213' title='bbox 1489 2711 1533 2768; x_wconf 93' lang='lat' dir='ltr'>illi</span> 
     </span>
     <span class='ocr_line' id='line_1_25' title="bbox 313 2789 1532 2884; baseline 0 -14"><span class='ocrx_word' id='word_1_214' title='bbox 313 2789 324 2804; x_wconf 27' lang='grc' dir='ltr'><strong><em>ἰ</em></strong></span> <span class='ocrx_word' id='word_1_215' title='bbox 400 2813 527 2884; x_wconf 87' lang='lat' dir='ltr'>qnotidie</span> <span class='ocrx_word' id='word_1_216' title='bbox 542 2814 726 2872; x_wconf 82' lang='lat' dir='ltr'>sacrificant?</span> <span class='ocrx_word' id='word_1_217' title='bbox 750 2816 780 2871; x_wconf 91' lang='lat' dir='ltr'>ot</span> <span class='ocrx_word' id='word_1_218' title='bbox 808 2816 833 2870; x_wconf 85' lang='lat' dir='ltr'>si</span> <span class='ocrx_word' id='word_1_219' title='bbox 861 2831 964 2871; x_wconf 84' lang='lat' dir='ltr'>auarus</span> <span class='ocrx_word' id='word_1_220' title='bbox 986 2816 1031 2870; x_wconf 85' lang='lat' dir='ltr'>est</span> <span class='ocrx_word' id='word_1_221' title='bbox 1053 2813 1204 2870; x_wconf 88' lang='lat' dir='ltr'>idololatra</span> <span class='ocrx_word' id='word_1_222' title='bbox 1219 2813 1269 2884; x_wconf 92' lang='lat' dir='ltr'>qui</span> <span class='ocrx_word' id='word_1_223' title='bbox 1285 2813 1421 2884; x_wconf 83' lang='lat' dir='ltr'>pecuniae</span> <span class='ocrx_word' id='word_1_224' title='bbox 1438 2814 1532 2870; x_wconf 83' lang='lat' dir='ltr'>studio</span> 
     </span>
     <span class='ocr_line' id='line_1_26' title="bbox 399 2913 1566 2987; baseline 0.004 -17"><span class='ocrx_word' id='word_1_225' title='bbox 399 2917 522 2984; x_wconf 88' lang='lat' dir='ltr'>tenetur,</span> <span class='ocrx_word' id='word_1_226' title='bbox 551 2915 599 2986; x_wconf 86' lang='lat' dir='ltr'>qui</span> <span class='ocrx_word' id='word_1_227' title='bbox 617 2916 693 2987; x_wconf 87' lang='lat' dir='ltr'>quod</span> <span class='ocrx_word' id='word_1_228' title='bbox 708 2916 866 2973; x_wconf 88' lang='lat' dir='ltr'>hereditate</span> <span class='ocrx_word' id='word_1_229' title='bbox 882 2914 997 2973; x_wconf 89' lang='lat' dir='ltr'>obuonit</span> <span class='ocrx_word' id='word_1_230' title='bbox 1013 2918 1064 2970; x_wconf 90' lang='lat' dir='ltr'>aut</span> <span class='ocrx_word' id='word_1_231' title='bbox 1079 2913 1221 2972; x_wconf 89' lang='lat' dir='ltr'>industria</span> <span class='ocrx_word' id='word_1_232' title='bbox 1243 2918 1356 2986; x_wconf 83' lang='lat' dir='ltr'>partum</span> <span class='ocrx_word' id='word_1_233' title='bbox 1373 2917 1417 2971; x_wconf 90' lang='lat' dir='ltr'>est</span> <span class='ocrx_word' id='word_1_234' title='bbox 1432 2931 1530 2972; x_wconf 90' lang='lat' dir='ltr'>recon-</span> <span class='ocrx_word' id='word_1_235' title='bbox 1541 2934 1566 2975; x_wconf 71' lang='lat' dir='ltr'>aa</span> 
     </span>
     <span class='ocr_line' id='line_1_27' title="bbox 398 3016 1528 3089; baseline 0.001 -16"><span class='ocrx_word' id='word_1_236' title='bbox 398 3016 442 3073; x_wconf 92' lang='lat' dir='ltr'>dit</span> <span class='ocrx_word' id='word_1_237' title='bbox 456 3034 508 3074; x_wconf 92' lang='lat' dir='ltr'>uec</span> <span class='ocrx_word' id='word_1_238' title='bbox 523 3021 625 3089; x_wconf 89' lang='lat' dir='ltr'>erogat</span> <span class='ocrx_word' id='word_1_239' title='bbox 641 3017 669 3074; x_wconf 89' lang='lat' dir='ltr'>iu</span> <span class='ocrx_word' id='word_1_240' title='bbox 686 3036 806 3089; x_wconf 88' lang='lat' dir='ltr'>egenos:</span> <span class='ocrx_word' id='word_1_241' title='bbox 837 3018 906 3089; x_wconf 87' lang='lat' dir='ltr'>quid</span> <span class='ocrx_word' id='word_1_242' title='bbox 922 3019 1091 3074; x_wconf 87' lang='lat' dir='ltr'>censendum</span> <span class='ocrx_word' id='word_1_243' title='bbox 1120 3021 1165 3073; x_wconf 91' lang='lat' dir='ltr'>est</span> <span class='ocrx_word' id='word_1_244' title='bbox 1191 3018 1225 3073; x_wconf 93' lang='lat' dir='ltr'>de</span> <span class='ocrx_word' id='word_1_245' title='bbox 1242 3017 1288 3072; x_wconf 88' lang='lat' dir='ltr'>liis</span> <span class='ocrx_word' id='word_1_246' title='bbox 1316 3017 1365 3088; x_wconf 88' lang='lat' dir='ltr'>qui</span> <span class='ocrx_word' id='word_1_247' title='bbox 1380 3016 1528 3085; x_wconf 86' lang='lat' dir='ltr'>lenocinio,</span> 
     </span>
     <span class='ocr_line' id='line_1_28' title="bbox 398 3116 1530 3191; baseline 0 -18"><span class='ocrx_word' id='word_1_248' title='bbox 398 3116 446 3189; x_wconf 88' lang='lat' dir='ltr'>qui</span> <span class='ocrx_word' id='word_1_249' title='bbox 462 3118 570 3188; x_wconf 82' lang='lat' dir='ltr'>sonore,</span> <span class='ocrx_word' id='word_1_250' title='bbox 587 3120 635 3190; x_wconf 88' lang='lat' dir='ltr'>qui</span> <span class='ocrx_word' id='word_1_251' title='bbox 647 3123 738 3191; x_wconf 88' lang='lat' dir='ltr'>rapto,</span> <span class='ocrx_word' id='word_1_252' title='bbox 755 3119 804 3190; x_wconf 91' lang='lat' dir='ltr'>qui</span> <span class='ocrx_word' id='word_1_253' title='bbox 819 3119 926 3187; x_wconf 85' lang='lat' dir='ltr'>fraude,</span> <span class='ocrx_word' id='word_1_254' title='bbox 944 3117 991 3189; x_wconf 88' lang='lat' dir='ltr'>qni</span> <span class='ocrx_word' id='word_1_255' title='bbox 1008 3119 1168 3186; x_wconf 85' lang='lat' dir='ltr'>calumniis,</span> <span class='ocrx_word' id='word_1_256' title='bbox 1185 3119 1234 3190; x_wconf 90' lang='lat' dir='ltr'>qui</span> <span class='ocrx_word' id='word_1_257' title='bbox 1250 3117 1444 3189; x_wconf 87' lang='lat' dir='ltr'>opprimendis</span> <span class='ocrx_word' id='word_1_258' title='bbox 1460 3136 1530 3188; x_wconf 87' lang='lat' dir='ltr'>pau-</span> 
     </span>
     <span class='ocr_line' id='line_1_29' title="bbox 398 3217 1532 3292; baseline -0.001 -15"><span class='ocrx_word' id='word_1_259' title='bbox 398 3217 514 3290; x_wconf 88' lang='lat' dir='ltr'>peribus</span> <span class='ocrx_word' id='word_1_260' title='bbox 530 3238 588 3278; x_wconf 89' lang='lat' dir='ltr'>rcm</span> <span class='ocrx_word' id='word_1_261' title='bbox 604 3221 805 3279; x_wconf 82' lang='lat' dir='ltr'>accumulant?</span> <span class='ocrx_word' id='word_1_262' title='bbox 823 3223 907 3292; x_wconf 88' lang='lat' dir='ltr'>atque</span> <span class='ocrx_word' id='word_1_263' title='bbox 923 3221 992 3277; x_wconf 88' lang='lat' dir='ltr'>haec</span> <span class='ocrx_word' id='word_1_264' title='bbox 1009 3219 1147 3277; x_wconf 88' lang='lat' dir='ltr'>idolorum</span> <span class='ocrx_word' id='word_1_265' title='bbox 1164 3219 1289 3278; x_wconf 86' lang='lat' dir='ltr'>seruitus</span> <span class='ocrx_word' id='word_1_266' title='bbox 1312 3238 1368 3276; x_wconf 91' lang='lat' dir='ltr'>mm</span> <span class='ocrx_word' id='word_1_267' title='bbox 1384 3220 1474 3276; x_wconf 91' lang='lat' dir='ltr'>solum</span> <span class='ocrx_word' id='word_1_268' title='bbox 1491 3220 1532 3276; x_wconf 91' lang='lat' dir='ltr'>in·</span> 
     </span>
     <span class='ocr_line' id='line_1_30' title="bbox 397 3321 1531 3396; baseline 0 -17"><span class='ocrx_word' id='word_1_269' title='bbox 397 3321 513 3379; x_wconf 85' lang='lat' dir='ltr'>usnitur</span> <span class='ocrx_word' id='word_1_270' title='bbox 528 3322 604 3379; x_wconf 88' lang='lat' dir='ltr'>inter</span> <span class='ocrx_word' id='word_1_271' title='bbox 620 3324 809 3392; x_wconf 83' lang='lat' dir='ltr'>Christianos,</span> <span class='ocrx_word' id='word_1_272' title='bbox 825 3339 923 3380; x_wconf 91' lang='lat' dir='ltr'>uerum</span> <span class='ocrx_word' id='word_1_273' title='bbox 938 3323 1023 3380; x_wconf 83' lang='lat' dir='ltr'>ctiam</span> <span class='ocrx_word' id='word_1_274' title='bbox 1041 3324 1116 3396; x_wconf 88' lang='lat' dir='ltr'>quod</span> <span class='ocrx_word' id='word_1_275' title='bbox 1127 3323 1297 3395; x_wconf 86' lang='lat' dir='ltr'>gemendum</span> <span class='ocrx_word' id='word_1_276' title='bbox 1309 3328 1354 3380; x_wconf 86' lang='lat' dir='ltr'>est</span> <span class='ocrx_word' id='word_1_277' title='bbox 1374 3324 1447 3379; x_wconf 90' lang='lat' dir='ltr'>inter</span> <span class='ocrx_word' id='word_1_278' title='bbox 1471 3323 1531 3394; x_wconf 91' lang='lat' dir='ltr'>epi·</span> 
     </span>
     <span class='ocr_line' id='line_1_31' title="bbox 399 3424 1567 3497; baseline 0.006 -18"><span class='ocrx_word' id='word_1_279' title='bbox 399 3439 510 3494; x_wconf 88' lang='lat' dir='ltr'>scopos.</span> <span class='ocrx_word' id='word_1_280' title='bbox 524 3440 607 3495; x_wconf 84' lang='lat' dir='ltr'>porro</span> <span class='ocrx_word' id='word_1_281' title='bbox 624 3424 791 3482; x_wconf 89' lang='lat' dir='ltr'>temulentia</span> <span class='ocrx_word' id='word_1_282' title='bbox 806 3425 874 3483; x_wconf 90' lang='lat' dir='ltr'>adeo</span> <span class='ocrx_word' id='word_1_283' title='bbox 891 3426 1046 3482; x_wconf 86' lang='lat' dir='ltr'>communis</span> <span class='ocrx_word' id='word_1_284' title='bbox 1062 3428 1107 3482; x_wconf 87' lang='lat' dir='ltr'>eet</span> <span class='ocrx_word' id='word_1_285' title='bbox 1122 3424 1237 3482; x_wconf 80' lang='lat' dir='ltr'>Africae</span> <span class='ocrx_word' id='word_1_286' title='bbox 1254 3428 1377 3494; x_wconf 88' lang='lat' dir='ltr'>nostrae,</span> <span class='ocrx_word' id='word_1_287' title='bbox 1406 3429 1436 3481; x_wconf 92' lang='lat' dir='ltr'>ut</span> <span class='ocrx_word' id='word_1_288' title='bbox 1464 3443 1528 3497; x_wconf 90' lang='lat' dir='ltr'>pro·</span> <span class='ocrx_word' id='word_1_289' title='bbox 1541 3447 1567 3486; x_wconf 76' lang='lat' dir='ltr'>rc</span> 
     </span>
     <span class='ocr_line' id='line_1_32' title="bbox 398 3525 1531 3599; baseline 0 -17"><span class='ocrx_word' id='word_1_290' title='bbox 398 3525 548 3596; x_wconf 88' lang='lat' dir='ltr'>pemodum</span> <span class='ocrx_word' id='word_1_291' title='bbox 564 3543 620 3583; x_wconf 93' lang='lat' dir='ltr'>non</span> <span class='ocrx_word' id='word_1_292' title='bbox 637 3527 762 3584; x_wconf 85' lang='lat' dir='ltr'>habeant</span> <span class='ocrx_word' id='word_1_293' title='bbox 777 3543 827 3596; x_wconf 86' lang='lat' dir='ltr'>pro</span> <span class='ocrx_word' id='word_1_294' title='bbox 843 3527 968 3584; x_wconf 90' lang='lat' dir='ltr'>crimino.</span> <span class='ocrx_word' id='word_1_295' title='bbox 993 3544 1086 3583; x_wconf 87' lang='lat' dir='ltr'>annon</span> <span class='ocrx_word' id='word_1_296' title='bbox 1102 3527 1232 3584; x_wconf 89' lang='lat' dir='ltr'>uidemus</span> <span class='ocrx_word' id='word_1_297' title='bbox 1248 3528 1283 3583; x_wconf 91' lang='lat' dir='ltr'>ad</span> <span class='ocrx_word' id='word_1_298' title='bbox 1300 3530 1455 3599; x_wconf 83' lang='lat' dir='ltr'>martyrum</span> <span class='ocrx_word' id='word_1_299' title='bbox 1473 3544 1531 3583; x_wconf 92' lang='lat' dir='ltr'>me·</span> 
     </span>
     <span class='ocr_line' id='line_1_33' title="bbox 398 3625 1529 3699; baseline 0.001 -16"><span class='ocrx_word' id='word_1_300' title='bbox 398 3625 503 3684; x_wconf 86' lang='lat' dir='ltr'>morias</span> <span class='ocrx_word' id='word_1_301' title='bbox 520 3627 714 3686; x_wconf 83' lang='lat' dir='ltr'>Christianum</span> <span class='ocrx_word' id='word_1_302' title='bbox 730 3648 747 3686; x_wconf 86' lang='lat' dir='ltr'>a</span> <span class='ocrx_word' id='word_1_303' title='bbox 763 3628 924 3686; x_wconf 80' lang='lat' dir='ltr'>Christiano</span> <span class='ocrx_word' id='word_1_304' title='bbox 941 3629 1003 3699; x_wconf 83' lang='lat' dir='ltr'>cogi</span> <span class='ocrx_word' id='word_1_305' title='bbox 1020 3629 1054 3685; x_wconf 85' lang='lat' dir='ltr'>ad</span> <span class='ocrx_word' id='word_1_306' title='bbox 1077 3628 1267 3686; x_wconf 83' lang='lat' dir='ltr'>ebrietatem?</span> <span class='ocrx_word' id='word_1_307' title='bbox 1301 3645 1337 3684; x_wconf 87' lang='lat' dir='ltr'>an</span> <span class='ocrx_word' id='word_1_308' title='bbox 1361 3630 1414 3685; x_wconf 90' lang='lat' dir='ltr'>boc</span> <span class='ocrx_word' id='word_1_309' title='bbox 1437 3628 1529 3684; x_wconf 90' lang='lat' dir='ltr'>leuius</span> 
     </span>
     <span class='ocr_line' id='line_1_34' title="bbox 398 3727 1530 3801; baseline 0.002 -17"><span class='ocrx_word' id='word_1_310' title='bbox 398 3727 506 3786; x_wconf 90' lang='lat' dir='ltr'>crimen</span> <span class='ocrx_word' id='word_1_311' title='bbox 522 3746 585 3787; x_wconf 85' lang='lat' dir='ltr'>esso</span> <span class='ocrx_word' id='word_1_312' title='bbox 601 3730 746 3801; x_wconf 88' lang='lat' dir='ltr'>ducimus,</span> <span class='ocrx_word' id='word_1_313' title='bbox 774 3747 859 3801; x_wconf 92' lang='lat' dir='ltr'>quam</span> <span class='ocrx_word' id='word_1_314' title='bbox 875 3731 985 3788; x_wconf 89' lang='lat' dir='ltr'>hircum</span> <span class='ocrx_word' id='word_1_315' title='bbox 1001 3731 1147 3787; x_wconf 88' lang='lat' dir='ltr'>immolare</span> <span class='ocrx_word' id='word_1_316' title='bbox 1163 3730 1298 3787; x_wconf 83' lang='lat' dir='ltr'>Baccho?</span> <span class='ocrx_word' id='word_1_317' title='bbox 1330 3730 1400 3787; x_wconf 91' lang='lat' dir='ltr'>mihi</span> <span class='ocrx_word' id='word_1_318' title='bbox 1418 3729 1530 3787; x_wconf 89' lang='lat' dir='ltr'>uidetur</span> 
     </span>
     <span class='ocr_line' id='line_1_35' title="bbox 398 3829 1531 3905; baseline 0.002 -18"><span class='ocrx_word' id='word_1_319' title='bbox 398 3829 487 3890; x_wconf 86' lang='lat' dir='ltr'>multo</span> <span class='ocrx_word' id='word_1_320' title='bbox 503 3831 639 3903; x_wconf 80' lang='lat' dir='ltr'>grauius,</span> <span class='ocrx_word' id='word_1_321' title='bbox 655 3833 681 3890; x_wconf 88' lang='lat' dir='ltr'>si</span> <span class='ocrx_word' id='word_1_322' title='bbox 697 3850 755 3891; x_wconf 90' lang='lat' dir='ltr'>rem</span> <span class='ocrx_word' id='word_1_323' title='bbox 772 3836 849 3890; x_wconf 90' lang='lat' dir='ltr'>recta</span> <span class='ocrx_word' id='word_1_324' title='bbox 864 3832 973 3890; x_wconf 89' lang='lat' dir='ltr'>ratione</span> <span class='ocrx_word' id='word_1_325' title='bbox 991 3832 1111 3890; x_wconf 90' lang='lat' dir='ltr'>uelimus</span> <span class='ocrx_word' id='word_1_326' title='bbox 1126 3833 1293 3904; x_wconf 79' lang='lat' dir='ltr'>expendere.</span> <span class='ocrx_word' id='word_1_327' title='bbox 1312 3849 1376 3890; x_wconf 94' lang='lat' dir='ltr'>cum</span> <span class='ocrx_word' id='word_1_328' title='bbox 1392 3833 1531 3905; x_wconf 87' lang='lat' dir='ltr'>tyrannus</span> 
     </span>
    </p>
   </div>
   <div class='ocr_carea' id='block_1_3' title="bbox 398 4099 1531 4248">
    <p class='ocr_par' dir='ltr' id='par_1_3' title="bbox 398 4099 1531 4248">
     <span class='ocr_line' id='line_1_36' title="bbox 464 4099 1531 4165; baseline 0.001 -15"><span class='ocrx_word' id='word_1_329' title='bbox 464 4100 480 4150; x_wconf 83' lang='grc'>6</span> <span class='ocrx_word' id='word_1_330' title='bbox 498 4099 552 4153; x_wconf 81' lang='lat' dir='ltr'>Tit,</span> <span class='ocrx_word' id='word_1_331' title='bbox 574 4102 597 4165; x_wconf 92' lang='lat' dir='ltr'>l,</span> <span class='ocrx_word' id='word_1_332' title='bbox 617 4102 658 4154; x_wconf 85' lang='lat'>16.</span> <span class='ocrx_word' id='word_1_333' title='bbox 869 4100 914 4152; x_wconf 80' lang='lat' dir='ltr'>el</span> <span class='ocrx_word' id='word_1_334' title='bbox 935 4101 1003 4152; x_wconf 78' lang='lat' dir='ltr'>Tim.</span> <span class='ocrx_word' id='word_1_335' title='bbox 1022 4103 1047 4161; x_wconf 81' lang='grc'>5,</span> <span class='ocrx_word' id='word_1_336' title='bbox 1066 4103 1089 4150; x_wconf 82' lang='lat'>8.</span> <span class='ocrx_word' id='word_1_337' title='bbox 1305 4102 1337 4153; x_wconf 84' lang='lat'>13</span> <span class='ocrx_word' id='word_1_338' title='bbox 1356 4100 1427 4153; x_wconf 92' lang='lat' dir='ltr'>Phil.</span> <span class='ocrx_word' id='word_1_339' title='bbox 1447 4103 1471 4160; x_wconf 84' lang='lat'>3,</span> <span class='ocrx_word' id='word_1_340' title='bbox 1491 4102 1531 4152; x_wconf 86' lang='lat'>19.</span> 
     </span>
     <span class='ocr_line' id='line_1_37' title="bbox 398 4184 999 4248; baseline 0.002 -12"><span class='ocrx_word' id='word_1_341' title='bbox 398 4185 431 4238; x_wconf 84' lang='lat'>15</span> <span class='ocrx_word' id='word_1_342' title='bbox 449 4184 524 4237; x_wconf 84' lang='lat' dir='ltr'>ltom.</span> <span class='ocrx_word' id='word_1_343' title='bbox 546 4186 586 4248; x_wconf 89' lang='grc'>16,</span> <span class='ocrx_word' id='word_1_344' title='bbox 606 4187 646 4238; x_wconf 91' lang='grc'>18.</span> <span class='ocrx_word' id='word_1_345' title='bbox 806 4186 838 4237; x_wconf 84' lang='lat'>18</span> <span class='ocrx_word' id='word_1_346' title='bbox 857 4185 914 4239; x_wconf 85' lang='lat' dir='ltr'>Col.</span> <span class='ocrx_word' id='word_1_347' title='bbox 932 4187 957 4239; x_wconf 83' lang='lat'>3.</span> <span class='ocrx_word' id='word_1_348' title='bbox 975 4187 999 4237; x_wconf 78' lang='lat' dir='ltr'>b.</span> 
     </span>
    </p>
   </div>
   <div class='ocr_carea' id='block_1_4' title="bbox 0 0 1864 4920">
    <p class='ocr_par' dir='ltr' id='par_1_4' title="bbox 0 0 1864 4920">
     <span class='ocr_line' id='line_1_38' title="bbox 0 0 1864 4920; baseline 0 2"><span class='ocrx_word' id='word_1_349' title='bbox 0 0 1864 4920; x_wconf 95' lang='lat' dir='ltr'> </span> 
     </span>
    </p>
   </div>
  </div>
 </body>
</html>
