3720 4920
386 369 442 433 130
853 361 1036 431 Appendix.

379 524 462 583 titulo
477 522 595 596 reliquit
610 523 766 596 coniungas
780 521 890 595 pariter
905 523 935 579 et
949 521 1102 591 adsciscas,
1120 522 1281 592 exspectem
1295 518 1512 614 cumfratribus

377 625 485 699 pariter
510 627 539 683 in
566 625 713 698 apertione
740 624 799 683 oris
824 623 869 681 toi
895 622 1076 695 splendorem
1106 622 1217 696 gratiae
1242 619 1361 679 luminis
1391 618 1509 691 christi,

377 744 481 803 sequar
495 729 525 786 in
540 727 714 787 tractatibus
739 728 799 786 tuis
815 727 912 785 lumen
928 727 1003 798 quod
1020 724 1158 783 Dominus
1173 723 1307 795 ostendit,
1334 723 1410 797 qnod
1426 722 1510 783 chri-

376 834 440 890 stos
454 831 609 890 adueniens
624 832 770 888 aeternam
786 829 876 887 uitam
892 844 956 886 esse
971 828 1152 886 monstrauit.

346 951 365 1009 9
419 933 501 992 Certe
516 949 601 1006 quam
616 932 686 990 mihi
702 932 779 990 laeta
793 930 855 1000 illa,
872 947 958 1003 qnam
973 929 1145 1002 exoptabilis
1161 930 1222 987 dies
1237 929 1291 998 est,
1308 946 1372 987 eom
1393 928 1532 987 miseri-e

377 1035 489 1095 cordiae
504 1035 617 1094 Domini
643 1035 741 1093 fauore
764 1033 951 1093 arcessitione
967 1031 1060 1091 dilata
1076 1033 1219 1116 senectam
1234 1031 1319 1090 istem
1334 1047 1427 1089 meam
1441 1048 1507 1105 pro·

376 1137 451 1194 ferro
477 1136 641 1209 eontigerit,
672 1137 706 1193 ιι
733 1138 763 1194 et
790 1134 968 1193 orationibus
998 1137 1162 1193 sanctorum
1191 1133 1316 1205 impense
1344 1136 1374 1191 et
1403 1132 1511 1206 ingiter

376 1231 588 1311 deprecantinm
617 1237 768 1296 Dominum
800 1236 910 1295 coristi
949 1238 1103 1309 martyrem
1140 1234 1270 1305 uideam,
1307 1236 1340 1291 ut
1376 1251 1508 1294 coronam

375 1338 503 1397 institiae
525 1357 598 1412 quae
622 1339 676 1398 tibi
699 1354 787 1410 panes
810 1339 962 1397 Dominum
987 1338 1118 1409 deposita
1132 1339 1178 1395 est
1197 1339 1311 1408 portare
1326 1336 1507 1408 conspiciam.

374 1455 427 1498 nec
441 1441 588 1511 putaueris
603 1442 697 1499 autem
714 1440 846 1514 martyrii
861 1438 916 1497 tibi
931 1439 1085 1498 secundnm
1108 1453 1244 1510 praesens
1258 1439 1356 1496 notum
1372 1436 1507 1495 desiderii
1518 1451 1544 1490 ro

374 1543 468 1600 nostri
481 1541 602 1615 gloriam
617 1541 717 1600 tribui.
741 1545 810 1601 tunc
825 1543 891 1600 indo
907 1541 1057 1601 felicitatis
1071 1541 1158 1598 huius
1173 1540 1286 1598 conlata
1307 1539 1437 1612 dignatio
1452 1542 1507 1610 est,

374 1645 445 1701 tnnc
465 1643 568 1702 indicio
592 1661 643 1703 sno
666 1644 742 1702 iusto
758 1643 896 1703 Dominus
913 1643 1003 1716 elegit
1017 1643 1191 1702 destinatum
1207 1642 1369 1717 martyrem,
1400 1659 1463 1701 cnm
1479 1646 1508 1700 te

375 1747 535 1818 exemptum
549 1746 584 1803 de
595 1746 734 1804 iustorum
751 1762 838 1818 grege
853 1746 940 1816 etque
956 1745 1138 1817 adsumptum
1154 1744 1209 1802 sibi
1225 1746 1259 1802 de
1275 1743 1422 1817 inopinato
1438 1760 1506 1802 con·

375 1846 472 1905 stituit
494 1845 597 1907 alterio
621 1849 806 1906 sacerdotem.
838 1831 987 1919 praeclara
1008 1863 1126 1920 prorsus
1147 1849 1177 1904 et
1199 1846 1325 1919 gloriosa
1347 1845 1507 1905 necationis

375 1949 477 2008 electio
492 1951 522 2006 et
537 1949 571 2006 do
587 1948 700 2008 Domini
715 1949 881 2030 dignatione
897 1967 973 2008 nona
987 1953 1073 2022 atque
1096 1948 1226 2007 inaudita
1240 1951 1270 2007 ot
1285 1949 1357 2006 mira
1381 1947 1506 2008 felicitas
1517 1965 1541 2004 re

373 2051 582 2110 transmarinae
604 2052 845 2125 peregrinationis
860 2051 1082 2109 necessitatibus
1098 2054 1264 2122 occupatum
1279 2053 1316 2109 ad
1331 2052 1506 2110 destinatum

373 2153 428 2212 tibi
452 2169 556 2211 munus
577 2153 710 2225 ignarum
731 2170 765 2211 ac
789 2152 916 2211 nescium
936 2155 1054 2225 repente
1070 2152 1183 2210 uenisse
1198 2155 1285 2224 atque
1301 2153 1343 2210 ita
1358 2169 1505 2226 regressos

373 2254 417 2313 toi
441 2257 553 2327 tempus
574 2239 610 2312 ad
632 2256 687 2314 lroe
710 2271 773 2314 esse
795 2255 948 2324 libratum,
979 2259 1013 2311 ut
1035 2254 1182 2326 insperate
1202 2253 1349 2313 celeritate
1372 2255 1506 2314 ueniendi

374 2355 557 2428 intellegeres
593 2360 678 2429 atque
716 2356 878 2414 dinoscores
915 2355 1050 2413 honorem
1089 2355 1239 2414 sacordotii
1270 2356 1401 2414 caelestis
1430 2358 1506 2414 inter

373 2461 483 2517 eeteros
507 2458 561 2516 tibi
585 2458 764 2531 potissimum
791 2457 966 2516 destinatum
982 2461 1012 2514 et
1027 2457 1102 2528 qnod
1118 2457 1242 2515 iussione
1257 2457 1371 2517 Domini
1386 2473 1503 2532 exspec·
1514 2477 1540 2517 so

373 2561 452 2617 tetus
479 2560 592 2617 uenires
619 2561 704 2631 atque
731 2574 896 2617 occurreres
910 2560 1099 2617 reseruatnm.
1123 2560 1156 2615 ut
1170 2558 1306 2616 ecelesiae
1321 2575 1389 2618 suae
1404 2558 1504 2619 Domi-

443 2790 680 2856 lderolinqnitZ
807 2791 936 2860 coniuges
959 2792 995 2844 Tt
1123 2790 1255 2844 adscissee
1274 2790 1304 2853 T,
1322 2791 1391 2843 assis
1410 2806 1454 2843 eos
1472 2789 1505 2851 Z,

372 2875 504 2929 adsciscas
523 2879 554 2927 nt
572 2876 636 2927 Bal.
655 2892 691 2928 ex
708 2892 724 2927 r·
827 2877 987 2943 exspectem]
1008 2878 1146 2944 expertum
1164 2893 1181 2928 v
1285 2876 1425 2944 2paritor
1442 2891 1501 2927 eum

372 2960 537 3015 tratribnso
651 2960 789 3028 apersione
808 2962 834 3013 Ζ
948 2961 1059 3013 luminis
1078 2962 1119 3014 tui
1138 2962 1269 3014 christum
1289 2962 1314 3014 Ζ
1428 2961 1503 3014 3so-

371 3047 463 3116 qnaris
481 3049 514 3110 Z,
531 3050 563 3099 tn
581 3047 651 3100 enim
670 3047 790 3115 sequeris
810 3047 874 3100 aar,
894 3063 929 3100 ece
946 3062 962 3098 a·
1101 3047 1190 3100 lumen
1212 3049 1242 3110 Τ,
1262 3046 1336 3100 uitae
1354 3047 1443 3100 lumen
1463 3053 1502 3114 ιμ,

257 3194 260 3204 Ι
370 3133 459 3185 lumen
478 3132 552 3185 uitae
570 3132 611 3187 Zc
742 3133 835 3186 iesse
853 3133 940 3186 uitem
960 3134 993 3196 Ζ,
1011 3150 1039 3185 se
1056 3149 1113 3185 esse
1132 3133 1219 3186 uitam
1238 3133 1301 3186 Bai.
1428 3133 1446 3186 5
1464 3137 1505 3186 eat

369 3232 421 3271 om.
441 3216 467 3269 Z
598 3217 780 3271 misericordia
798 3216 902 3271 domini
920 3234 951 3270 ee
971 3218 1036 3272 Bal.
1055 3234 1090 3271 en
1107 3233 1123 3270 r
1255 3219 1272 3271 6
1289 3218 1462 3272 accersitione
1479 3235 1504 3282 o,

370 3303 517 3356 accersione
534 3322 562 3369 μ,
581 3304 729 3357 arcessione
747 3305 771 3356 Ζ
915 3303 997 3355 istam
1017 3320 1067 3356 orn.
1087 3304 1113 3354 Ζ
1248 3303 1392 3370 proferrem
1412 3304 1437 3356 Τ

370 3388 386 3440 7
404 3389 569 3458 contingerit
587 3389 644 3457 Zp¹
766 3393 798 3442 ut
816 3389 853 3458 ot]
872 3392 904 3443 ut
923 3409 939 3457 p
1069 3390 1221 3444 sanctornm
1240 3419 1272 3428 -
1291 3389 1502 3459 deprecantinm]

367 3476 549 3543 macciemum
566 3491 624 3528 aon
646 3475 806 3543 intellegens
825 3475 965 3528 Boionius
983 3492 1018 3529 ex
1035 3491 1051 3527 r·
1069 3475 1149 3528 odd:
1175 3474 1300 3542 coniungi
1317 3491 1419 3529 merear
1437 3478 1468 3529 nt

367 3559 535 3612 debriatum
554 3561 581 3612 Z
659 3559 699 3626 nt]
719 3561 747 3612 et
764 3560 809 3628 Ζμ
889 3560 924 3613 10
941 3576 995 3613 non
1014 3564 1105 3614 antem
1124 3559 1263 3628 putaueris
1282 3560 1345 3613 Bal.
1426 3576 1501 3628 prae-

368 3660 429 3698 sens
448 3647 541 3698 uotum
560 3661 611 3699 orn.
629 3646 655 3698 Ζ
837 3644 952 3699 desideri
970 3632 1013 3698 nfi
1031 3651 1070 3711 ιμ,
1090 3644 1199 3699 defldori
1216 3632 1259 3698 nri
1279 3644 1310 3709 T,
1329 3643 1392 3699 fidei
1408 3647 1502 3700 notrae

368 3729 416 3793 Ze,
433 3728 572 3783 fideiBal.
678 3730 710 3782 11
730 3729 802 3799 inde]
821 3730 911 3798 intep
1020 3732 1053 3783 12
1070 3746 1117 3782 suo
1131 3747 1181 3782 coc.
1195 3730 1259 3782 Bal.
1364 3730 1398 3783 13
1416 3746 1502 3782 exom-

367 3814 442 3881 plum
462 3815 513 3867 ΤΖ
613 3815 728 3867 istcrom
747 3835 767 3882 μ
878 3814 988 3884 opinato
1008 3815 1090 3878 Par,
1107 3815 1246 3883 opinatum
1266 3815 1301 3867 T¹
1413 3816 1502 3869 1411-

367 3901 435 3954 carro
455 3900 486 3965 n,
504 3900 585 3953 enarr
603 3907 621 3967 ι,
640 3900 722 3953 oleari
740 3915 788 3954 suo
806 3917 823 3954 v
944 3899 1105 3969 noctram]
1123 3885 1258 3969 §aaronis
1275 3902 1303 3954 Z
1406 3901 1438 3954 re
1456 3900 1502 3968 ιι]

367 4002 399 4041 ac
416 3986 442 4039 Z
591 3988 622 4040 17
640 3986 694 4039 tibi
712 3986 819 4056 nrunns]
840 3986 973 4041 terminus
991 3988 1017 4041 Z
1172 3987 1205 4039 18
1224 3985 1390 4040 liberandum
1409 3985 1434 4038 Ζ

367 4073 499 4140 inspirate
518 4073 581 4127 Bal.
600 4089 635 4126 ex
652 4089 675 4136 r,
695 4073 828 4140 inspirate
846 4073 877 4137 Ζ,
896 4074 1049 4141 inseparate
1066 4093 1087 4140 μ
1249 4071 1389 4124 alacritate
1408 4071 1435 4123 Ζ

367 4158 403 4211 20
419 4161 508 4212 cetera
525 4157 552 4211 Z
628 4158 771 4226 nisionep
848 4159 1038 4212 moerentum
1057 4158 1088 4221 Ζ,
1107 4158 1293 4211 racematuso
1372 4157 1412 4225 ut]
1430 4157 1501 4210 enim

365 4242 431 4298 odd.
449 4244 512 4298 Bal.
531 4260 566 4298 ce
583 4260 599 4296 r
703 4260 767 4299 eoae
784 4260 834 4299 ora.
855 4245 882 4298 Ζ
