3720 4920
594 359 639 411 De
656 358 791 426 duplici
810 360 977 427 martyrio
994 376 1016 412 c.
1034 359 1145 413 25-28.
1374 361 1438 425 239

265 496 270 506 ’
302 519 448 591 peratoris·
469 519 512 576 tui
539 517 804 577 irreconciliabilem
830 502 1044 592 transfugeris’.
1068 520 1170 578 merito
1197 518 1322 578 fidelium
1352 534 1437 577 aures

246 643 250 652 ·
301 621 502 679 abominantur
527 623 675 693 apostatae
704 620 889 680 uocabulum:
914 638 1012 680 uerum
1040 622 1092 680 huc
1113 639 1170 680 non
1186 620 1226 681 ibi
1242 625 1355 679 tantmn
1369 637 1435 679 exe-

301 724 438 783 crandum
454 727 508 794 ost,
524 741 588 782 cnm
604 724 718 782 incense
734 723 848 784 tusculo
862 727 914 783 aut
929 724 1036 798 scripto
1051 723 1151 784 libello
1173 724 1353 784 renuntiatur
1369 740 1436 797 pro·

301 823 419 885 sessioni
445 826 568 885 nominis
592 826 717 897 christi,
745 828 796 886 sed
821 827 990 900 ubicumque
1017 827 1168 885 contemtis
1192 826 1301 884 Christi
1323 825 1437 898 legibus

279 929 515 1001 sebtemperatur
541 933 667 989 satanae.
692 946 744 987 nec
772 931 848 989 euim
876 931 966 988 refert
986 930 1056 1002 quid
1078 934 1161 988 sonet
1183 929 1297 1002 lingua:
1322 945 1395 1001 qnae
1414 929 1439 985 si

301 1037 384 1090 sonet
400 1030 555 1101 Christum,
571 1050 634 1091 cum
650 1032 763 1111 animus
779 1031 819 1088 sit
835 1030 952 1089 deditus
967 1031 1143 1104 criminibus,
1166 1049 1222 1091 non
1237 1033 1283 1089 est
1297 1029 1437 1104 professio

302 1134 353 1192 ssd
380 1135 555 1208 hypocrisis,
579 1134 757 1206 abnegatura
784 1133 930 1191 Christum
957 1132 983 1191 si
1010 1136 1102 1193 melus
1125 1137 1237 1208 urgeat,
1264 1134 1313 1206 qui
1335 1132 1438 1206 premit-
1512 1168 1514 1172 .

299 1235 459 1295 turificatos
474 1240 524 1294 ant
538 1236 692 1295 libellatos.
708 1240 795 1310 atque
812 1237 841 1293 in
856 1237 903 1295 his
918 1238 1003 1295 rebus
1019 1255 1091 1309 quae
1107 1237 1150 1295 sic
1165 1235 1240 1295 inter
1251 1253 1282 1295 se
1295 1241 1436 1308 pugnant,

299 1340 334 1397 ut
356 1342 458 1397 neutra
479 1340 552 1398 ierat
567 1339 688 1399 alterius
704 1339 890 1409 consortium,
914 1339 1026 1412 quoties
1042 1341 1115 1398 hanc
1130 1338 1339 1412 amplectimur,
1356 1338 1436 1396 illam

264 1440 506 1513 1⁰abdicnuimns,
523 1444 634 1515 quoties
649 1460 735 1502 unam
751 1441 912 1512 reiecirnus,
928 1442 1048 1501 alteram
1064 1441 1255 1515 agnoscimus.
1278 1441 1438 1501 cuiusmodi

299 1544 368 1599 sunt
392 1542 440 1598 lux
455 1547 484 1600 et
505 1545 654 1613 tenebrae,
678 1544 786 1603 bellum
802 1546 831 1601 et
854 1560 924 1615 pax,
948 1559 1024 1601 mors
1039 1546 1069 1601 et
1084 1543 1162 1613 uita,
1186 1542 1264 1602 Dens
1279 1546 1309 1601 et
1324 1543 1437 1601 Belial:

300 1645 537 1716 quemadmodum
563 1649 689 1704 testatur
711 1650 742 1703 et
762 1646 865 1703 huntus
889 1646 997 1703 Paulus
1013 1645 1042 1703 in
1066 1646 1191 1705 secunda
1205 1647 1242 1704 ad
1257 1645 1437 1704 Corimhios:

300 1763 391 1818 qnae
421 1748 514 1806 enirn
543 1749 787 1820 participatio
819 1748 995 1806 institiae
1025 1767 1103 1805 cum
1126 1748 1348 1819 iniquitate,
1376 1753 1438 1805 aut

301 1865 392 1921 quae
416 1848 580 1908 societas
602 1849 677 1908 luci
700 1851 742 1907 ad
765 1852 965 1910 tenebras?
990 1868 1078 1924 qnae
1101 1853 1218 1908 antem
1241 1849 1438 1909 conuentio

266 1951 445 2010 rechristi
467 1952 511 2010 ad
532 1950 679 2010 Belial?
710 1953 878 2012 adhaesisse
903 1954 998 2012 Belial
1024 1958 1070 2012 est
1096 1953 1253 2026 abnegasse
1280 1952 1437 2020 Christum,

300 2057 453 2126 utcumque
468 2053 568 2127 lingua
583 2055 632 2111 aul
648 2053 749 2112 habitu
766 2054 913 2113 Christum
930 2055 1100 2128 profitearis.

344 2153 385 2212 De
401 2157 455 2214 hoc
470 2157 495 2213 si
512 2155 576 2228 quis
591 2155 797 2227 simpliciorum
814 2156 972 2226 dubitarit,
997 2157 1070 2215 dabo
1094 2159 1293 2229 argumentum
1310 2173 1436 2214 cremum
1449 2151 1489 2206 ‘28

301 2258 331 2314 et
358 2257 486 2316 euidens.
521 2259 663 2331 fiugamm
689 2261 844 2332 tyrannum
870 2259 912 2316 ita
935 2259 1012 2331 loqui
1036 2259 1197 2318 Christiano
1220 2247 1365 2316 ‘incendes
1391 2261 1438 2315 tus

301 2342 387 2429 Ioni',
413 2359 488 2417 nihil
514 2361 664 2419 addentem
691 2377 745 2418 nec
771 2363 935 2435 exigentem
950 2363 983 2419 ut
998 2361 1141 2418 Christum
1167 2362 1305 2433 abneget:
1329 2361 1354 2417 si
1370 2361 1438 2419 ado-

265 2457 415 2529 aoleuerit,
443 2477 537 2519 nenne
563 2463 675 2522 cunctis
699 2462 885 2522 manifestum
909 2464 965 2521 erit
980 2462 1062 2520 illum
1077 2463 1131 2521 huc
1146 2463 1207 2534 ipso
1224 2462 1371 2520 Christum
1385 2463 1438 2520 ab·

302 2576 435 2634 negasse,
463 2564 537 2635 qnod
561 2564 624 2622 Iuni
649 2564 753 2623 lecerit
769 2564 937 2638 thymiama,
961 2565 1073 2622 etiamsi
1089 2563 1161 2622 nihil
1179 2564 1305 2636 proferat
1321 2564 1439 2636 impium

301 2662 332 2721 in
359 2663 528 2723 Christum?
553 2667 790 2738 quemadmodum
820 2667 870 2739 qui
896 2668 1016 2740 magicis
1043 2666 1154 2724 artibus
1182 2669 1300 2724 utuntur
1328 2667 1360 2746 (a
1383 2685 1439 2740 quo

300 2764 376 2823 male
391 2783 444 2824 nos
460 2766 573 2826 Domini
589 2769 785 2828 misericordia
800 2769 947 2838 liberauit,
970 2769 1045 2827 sicut
1059 2786 1077 2827 a
1092 2769 1195 2827 ceteris
1211 2769 1352 2838 omnibus,
1374 2768 1439 2841 qni-

301 2868 357 2925 bus
381 2868 463 2927 iuxta
487 2873 611 2928 ueterem
636 2871 779 2930 hominem
802 2871 944 2944 quendam
959 2870 1140 2929 ambulantes
1155 2865 1335 2950 tenebamur)
1351 2870 1439 2929 tacite

266 2967 451 3028 rechristum
478 2973 631 3045 abnegant,
658 2974 725 3032 dum
751 2990 816 3031 cuni
844 2973 1030 3032 daemonibus
1058 2974 1166 3031 habent
1191 2973 1300 3031 foedus.
1334 2973 1391 3030 iam
1415 2974 1438 3029 si

301 3071 470 3131 blachabaei
499 3074 604 3133 iratres
626 3091 684 3133 una
705 3092 769 3134 curn
797 3079 887 3134 matre
912 3076 1073 3135 maluerunt
1087 3079 1132 3134 tot
1147 3075 1321 3135 cruciatibus
1337 3075 1438 3133 exani·

299 3175 374 3232 mari
396 3193 480 3248 quarn
503 3194 586 3235 carue
607 3177 694 3235 suilla
709 3179 795 3248 nesci,
820 3179 863 3236 sic
884 3178 1084 3237 existimantes
1098 3195 1160 3235 eum
1178 3178 1266 3235 Deum
1282 3178 1355 3251 legis
1370 3195 1439 3235 anc-

300 3280 392 3335 torem
416 3295 520 3350 negare
545 3279 676 3351 quisquis
699 3279 793 3337 sciens
809 3296 843 3338 ac
859 3280 959 3339 uolens
983 3280 1057 3352 legis
1078 3283 1232 3351 praecepta
1255 3279 1360 3337 ululat:
1384 3297 1440 3351 quo

301 3382 386 3452 pacto
402 3379 457 3438 sibi
474 3380 628 3451 blanditur,
645 3383 694 3453 qui
711 3381 742 3438 in
757 3381 827 3440 luxu
843 3381 1013 3440 temulentia
1028 3381 1151 3439 arraritia
1165 3381 1274 3453 rapinis
1289 3379 1439 3438 adulteriis

267 3493 293 3533 ω
303 3481 427 3557 aliisque
442 3483 607 3543 criminibus
623 3488 842 3556 consenescunt,
859 3503 932 3558 qnae
948 3485 1077 3559 gentium
1093 3485 1179 3542 eliam
1195 3486 1274 3556 leges
1286 3470 1441 3543 noluerunt

301 3602 363 3645 esse
389 3586 553 3660 impunita?
577 3591 606 3645 et
632 3606 696 3647 curn
722 3591 766 3647 tot
792 3588 884 3647 modis
907 3587 1053 3646 Christum
1080 3588 1238 3661 abnegent,
1265 3605 1327 3645 curn
1354 3586 1440 3645 toties

189 3715 192 3721 ·
302 3687 453 3746 immolent
467 3690 662 3760 daemonibus,
679 3707 730 3764 pro
746 3689 922 3748 Christianis
937 3690 1037 3749 haberi
1052 3689 1221 3763 postulant?
1247 3693 1333 3762 atque
1349 3689 1378 3746 in
1395 3691 1441 3747 liis

302 3794 382 3862 sunt,
406 3792 455 3863 qui
471 3791 565 3865 palam
582 3793 639 3851 ista
654 3793 838 3852 committunt
853 3811 887 3852 ac
902 3793 1104 3866 propemodum
1124 3792 1212 3851 etiam
1233 3792 1395 3866 gloriantur
1411 3793 1438 3851 in

303 3893 390 3952 rebus
405 3894 553 3965 pessimis:
578 3897 648 3953 adeo
664 3913 720 3954 nen
735 3897 823 3969 pudet
838 3899 890 3952 aut
904 3895 985 3968 piget
1000 3895 1198 3953 admissorum.
1230 3898 1260 3952 et
1274 3899 1370 3954 tamen
1385 3915 1437 3953 au-

266 3995 371 4053 aedent
397 3996 494 4053 uenire
515 3997 545 4054 in
566 3996 716 4055 ecclesiam
737 4000 910 4068 sanctorum,
926 3998 1034 4056 audent
1057 3995 1172 4054 misceri
1185 3996 1266 4070 gregi
1282 3996 1433 4055 dominico.

374 4246 455 4300 1311
475 4246 534 4302 cor.
552 4248 576 4310 6,
596 4248 636 4300 14.
