<?xml version="1.0" encoding="UTF-8"?>
<!DOCTYPE html PUBLIC "-//W3C//DTD XHTML 1.0 Transitional//EN"
    "http://www.w3.org/TR/xhtml1/DTD/xhtml1-transitional.dtd">
<html xmlns="http://www.w3.org/1999/xhtml" xml:lang="en" lang="en">
 <head>
  <title>
</title>
<meta http-equiv="Content-Type" content="text/html;charset=utf-8" />
  <meta name='ocr-system' content='tesseract 3.04.00' />
  <meta name='ocr-capabilities' content='ocr_page ocr_carea ocr_par ocr_line ocrx_word'/>
</head>
<body>
  <div class='ocr_page' id='page_1' title='image "./sthascicaecilic00cyprgoog_0404.png"; bbox 0 0 3720 4920; ppageno 0'>
   <div class='ocr_carea' id='block_1_1' title="bbox 840 428 1502 496">
    <p class='ocr_par' dir='ltr' id='par_1_1' title="bbox 840 428 1502 496">
     <span class='ocr_line' id='line_1_1' title="bbox 840 428 1502 496; baseline -0.002 -15"><span class='ocrx_word' id='word_1_1' title='bbox 840 428 1031 496; x_wconf 74' lang='lat' dir='ltr'><strong>Epistulae.</strong></span> <span class='ocrx_word' id='word_1_2' title='bbox 1438 432 1502 495; x_wconf 78' lang='grc'><strong>273</strong></span> 
     </span>
    </p>
   </div>
   <div class='ocr_carea' id='block_1_2' title="bbox 473 685 1408 867">
    <p class='ocr_par' dir='ltr' id='par_1_2' title="bbox 473 685 1408 867">
     <span class='ocr_line' id='line_1_2' title="bbox 473 685 1408 749; baseline 0.002 -5"><span class='ocrx_word' id='word_1_3' title='bbox 473 687 527 745; x_wconf 86' lang='grc'><strong>111.</strong></span> <span class='ocrx_word' id='word_1_4' title='bbox 552 685 770 746; x_wconf 80' lang='lat' dir='ltr'><strong>CYPRIANVS</strong></span> <span class='ocrx_word' id='word_1_5' title='bbox 791 687 906 746; x_wconf 83' lang='lat' dir='ltr'>PLEBI</span> <span class='ocrx_word' id='word_1_6' title='bbox 930 689 1137 749; x_wconf 73' lang='lat' dir='ltr'><strong>cananum]</strong></span> <span class='ocrx_word' id='word_1_7' title='bbox 1161 688 1408 748; x_wconf 80' lang='lat' dir='ltr'>CONSISTENTI</span> 
     </span>
     <span class='ocr_line' id='line_1_3' title="bbox 608 807 1268 867; baseline 0.003 -2"><span class='ocrx_word' id='word_1_8' title='bbox 608 807 821 866; x_wconf 67' lang='lat' dir='ltr'><strong>Antandros</strong></span> <span class='ocrx_word' id='word_1_9' title='bbox 843 808 885 865; x_wconf 85' lang='lat' dir='ltr'><strong>IN</strong></span> <span class='ocrx_word' id='word_1_10' title='bbox 908 808 1056 867; x_wconf 85' lang='lat' dir='ltr'>DOMINO</span> <span class='ocrx_word' id='word_1_11' title='bbox 1081 808 1268 867; x_wconf 81' lang='lat' dir='ltr'>SALVTEM.</span> 
     </span>
    </p>
   </div>
   <div class='ocr_carea' id='block_1_3' title="bbox 354 975 1511 1583">
    <p class='ocr_par' dir='ltr' id='par_1_3' title="bbox 354 975 1511 1583">
     <span class='ocr_line' id='line_1_4' title="bbox 418 975 1506 1071; baseline -0.001 -15"><span class='ocrx_word' id='word_1_12' title='bbox 418 975 539 1056; x_wconf 78' lang='lat' dir='ltr'><strong>Gratias</strong></span> <span class='ocrx_word' id='word_1_13' title='bbox 561 997 676 1068; x_wconf 89' lang='lat' dir='ltr'><strong>quidem</strong></span> <span class='ocrx_word' id='word_1_14' title='bbox 696 997 809 1070; x_wconf 75' lang='lat' dir='ltr'><strong>eginum</strong></span> <span class='ocrx_word' id='word_1_15' title='bbox 824 997 883 1055; x_wconf 91' lang='lat' dir='ltr'><strong>Deo</strong></span> <span class='ocrx_word' id='word_1_16' title='bbox 897 996 973 1069; x_wconf 89' lang='lat' dir='ltr'><strong>petri</strong></span> <span class='ocrx_word' id='word_1_17' title='bbox 988 1000 1018 1056; x_wconf 93' lang='lat' dir='ltr'><strong>et</strong></span> <span class='ocrx_word' id='word_1_18' title='bbox 1032 997 1153 1055; x_wconf 90' lang='lat' dir='ltr'><strong>Domino</strong></span> <span class='ocrx_word' id='word_1_19' title='bbox 1166 997 1233 1056; x_wconf 86' lang='lat' dir='ltr'><strong>Iesu</strong></span> <span class='ocrx_word' id='word_1_20' title='bbox 1249 997 1374 1068; x_wconf 80' lang='lat' dir='ltr'><strong>Christe,</strong></span> <span class='ocrx_word' id='word_1_21' title='bbox 1390 998 1440 1071; x_wconf 87' lang='lat' dir='ltr'><strong>qui</strong></span> <span class='ocrx_word' id='word_1_22' title='bbox 1456 1015 1506 1055; x_wconf 86' lang='lat' dir='ltr'><strong>nos</strong></span> 
     </span>
     <span class='ocr_line' id='line_1_5' title="bbox 376 1099 1505 1173; baseline 0 -17"><span class='ocrx_word' id='word_1_23' title='bbox 376 1099 517 1157; x_wconf 89' lang='lat' dir='ltr'><strong>adunatos</strong></span> <span class='ocrx_word' id='word_1_24' title='bbox 532 1103 619 1170; x_wconf 88' lang='lat' dir='ltr'><strong>atque</strong></span> <span class='ocrx_word' id='word_1_25' title='bbox 636 1100 666 1156; x_wconf 91' lang='lat' dir='ltr'><strong>in</strong></span> <span class='ocrx_word' id='word_1_26' title='bbox 682 1099 881 1158; x_wconf 89' lang='lat' dir='ltr'><strong>conuenticula</strong></span> <span class='ocrx_word' id='word_1_27' title='bbox 896 1100 1033 1160; x_wconf 73' lang='lat' dir='ltr'><strong>restituit.</strong></span> <span class='ocrx_word' id='word_1_28' title='bbox 1057 1102 1275 1173; x_wconf 88' lang='lat' dir='ltr'><strong>propterquam</strong></span> <span class='ocrx_word' id='word_1_29' title='bbox 1291 1117 1351 1158; x_wconf 90' lang='lat' dir='ltr'><strong>rem</strong></span> <span class='ocrx_word' id='word_1_30' title='bbox 1367 1117 1505 1160; x_wconf 85' lang='lat' dir='ltr'><strong>memora-</strong></span> 
     </span>
     <span class='ocr_line' id='line_1_6' title="bbox 354 1200 1508 1277; baseline 0.004 -22"><span class='ocrx_word' id='word_1_31' title='bbox 354 1200 472 1259; x_wconf 79' lang='lat' dir='ltr'><strong>snimus</strong></span> <span class='ocrx_word' id='word_1_32' title='bbox 488 1205 516 1259; x_wconf 92' lang='lat' dir='ltr'><strong>et</strong></span> <span class='ocrx_word' id='word_1_33' title='bbox 531 1202 672 1275; x_wconf 89' lang='lat' dir='ltr'><strong>scriptum</strong></span> <span class='ocrx_word' id='word_1_34' title='bbox 687 1203 915 1262; x_wconf 88' lang='lat' dir='ltr'><strong>beatissimorum</strong></span> <span class='ocrx_word' id='word_1_35' title='bbox 931 1207 1089 1277; x_wconf 81' lang='lat' dir='ltr'><strong>martyrum</strong></span> <span class='ocrx_word' id='word_1_36' title='bbox 1103 1207 1191 1276; x_wconf 84' lang='lat' dir='ltr'><strong>atquo</strong></span> <span class='ocrx_word' id='word_1_37' title='bbox 1206 1202 1400 1263; x_wconf 81' lang='lat' dir='ltr'><strong>confessorum</strong></span> <span class='ocrx_word' id='word_1_38' title='bbox 1414 1203 1508 1261; x_wconf 83' lang='lat' dir='ltr'><strong>uolrri·</strong></span> 
     </span>
     <span class='ocr_line' id='line_1_7' title="bbox 378 1303 1509 1377; baseline 0.003 -18"><span class='ocrx_word' id='word_1_39' title='bbox 378 1319 443 1361; x_wconf 88' lang='lat' dir='ltr'><strong>mus</strong></span> <span class='ocrx_word' id='word_1_40' title='bbox 457 1305 493 1361; x_wconf 89' lang='lat' dir='ltr'><strong>ad</strong></span> <span class='ocrx_word' id='word_1_41' title='bbox 508 1303 657 1362; x_wconf 86' lang='lat' dir='ltr'><strong>consilium</strong></span> <span class='ocrx_word' id='word_1_42' title='bbox 673 1306 802 1363; x_wconf 90' lang='lat' dir='ltr'><strong>nostrum</strong></span> <span class='ocrx_word' id='word_1_43' title='bbox 817 1321 942 1364; x_wconf 87' lang='lat' dir='ltr'><strong>seruare.</strong></span> <span class='ocrx_word' id='word_1_44' title='bbox 959 1305 1038 1363; x_wconf 88' lang='lat' dir='ltr'><strong>iubet</strong></span> <span class='ocrx_word' id='word_1_45' title='bbox 1053 1307 1177 1377; x_wconf 78' lang='lat' dir='ltr'>desuper</span> <span class='ocrx_word' id='word_1_46' title='bbox 1192 1305 1331 1364; x_wconf 86' lang='lat' dir='ltr'><strong>maiestas</strong></span> <span class='ocrx_word' id='word_1_47' title='bbox 1345 1307 1432 1376; x_wconf 85' lang='lat' dir='ltr'><strong>atque</strong></span> <span class='ocrx_word' id='word_1_48' title='bbox 1449 1304 1509 1376; x_wconf 90' lang='lat' dir='ltr'><strong>spi·</strong></span> 
     </span>
     <span class='ocr_line' id='line_1_8' title="bbox 377 1403 1511 1480; baseline 0.002 -18"><span class='ocrx_word' id='word_1_49' title='bbox 377 1403 452 1463; x_wconf 82' lang='lat' dir='ltr'><strong>ritus</strong></span> <span class='ocrx_word' id='word_1_50' title='bbox 468 1408 594 1476; x_wconf 88' lang='lat' dir='ltr'><strong>sanctus,</strong></span> <span class='ocrx_word' id='word_1_51' title='bbox 607 1407 689 1465; x_wconf 88' lang='lat' dir='ltr'><strong>cuius</strong></span> <span class='ocrx_word' id='word_1_52' title='bbox 700 1408 731 1465; x_wconf 93' lang='lat' dir='ltr'><strong>in</strong></span> <span class='ocrx_word' id='word_1_53' title='bbox 742 1406 824 1466; x_wconf 88' lang='lat' dir='ltr'><strong>nobis</strong></span> <span class='ocrx_word' id='word_1_54' title='bbox 839 1409 936 1480; x_wconf 79' lang='lat' dir='ltr'><strong>gratia</strong></span> <span class='ocrx_word' id='word_1_55' title='bbox 949 1408 1034 1466; x_wconf 84' lang='lat' dir='ltr'><strong>tastis</strong></span> <span class='ocrx_word' id='word_1_56' title='bbox 1050 1409 1095 1466; x_wconf 87' lang='lat' dir='ltr'><strong>est</strong></span> <span class='ocrx_word' id='word_1_57' title='bbox 1109 1406 1256 1465; x_wconf 70' lang='lat' dir='ltr'><strong>salutarie.</strong></span> <span class='ocrx_word' id='word_1_58' title='bbox 1272 1425 1340 1464; x_wconf 88' lang='lat' dir='ltr'><strong>uem</strong></span> <span class='ocrx_word' id='word_1_59' title='bbox 1355 1422 1418 1463; x_wconf 87' lang='lat' dir='ltr'><strong>curn</strong></span> <span class='ocrx_word' id='word_1_60' title='bbox 1432 1408 1511 1464; x_wconf 86' lang='lat' dir='ltr'><strong>trae-</strong></span> 
     </span>
     <span class='ocr_line' id='line_1_9' title="bbox 379 1507 1510 1583; baseline 0 -17"><span class='ocrx_word' id='word_1_61' title='bbox 379 1511 456 1567; x_wconf 85' lang='lat' dir='ltr'><strong>teret</strong></span> <span class='ocrx_word' id='word_1_62' title='bbox 471 1507 505 1565; x_wconf 90' lang='lat' dir='ltr'><strong>de</strong></span> <span class='ocrx_word' id='word_1_63' title='bbox 520 1508 724 1581; x_wconf 80' lang='lat' dir='ltr'><strong>traditoribus,</strong></span> <span class='ocrx_word' id='word_1_64' title='bbox 739 1510 820 1568; x_wconf 90' lang='lat' dir='ltr'><strong>iubet</strong></span> <span class='ocrx_word' id='word_1_65' title='bbox 836 1512 894 1569; x_wconf 63' lang='lat' dir='ltr'><strong>mm</strong></span> <span class='ocrx_word' id='word_1_66' title='bbox 915 1509 946 1568; x_wconf 91' lang='lat' dir='ltr'><strong>in</strong></span> <span class='ocrx_word' id='word_1_67' title='bbox 968 1509 1119 1583; x_wconf 80' lang='lat' dir='ltr'><strong>euangelio</strong></span> <span class='ocrx_word' id='word_1_68' title='bbox 1142 1525 1227 1582; x_wconf 87' lang='lat' dir='ltr'><strong>quam</strong></span> <span class='ocrx_word' id='word_1_69' title='bbox 1242 1508 1273 1566; x_wconf 91' lang='lat' dir='ltr'><strong>in</strong></span> <span class='ocrx_word' id='word_1_70' title='bbox 1288 1508 1435 1580; x_wconf 86' lang='lat' dir='ltr'><strong>apostolo,</strong></span> <span class='ocrx_word' id='word_1_71' title='bbox 1451 1510 1510 1566; x_wconf 88' lang='lat' dir='ltr'><strong>tem</strong></span> 
     </span>
    </p>
   </div>
   <div class='ocr_carea' id='block_1_4' title="bbox 344 1608 1521 3318">
    <p class='ocr_par' dir='ltr' id='par_1_4' title="bbox 344 1608 1521 3318">
     <span class='ocr_line' id='line_1_10' title="bbox 380 1608 1510 1684; baseline -0.001 -18"><span class='ocrx_word' id='word_1_72' title='bbox 380 1609 411 1666; x_wconf 92' lang='lat' dir='ltr'><strong>in</strong></span> <span class='ocrx_word' id='word_1_73' title='bbox 426 1610 547 1681; x_wconf 89' lang='lat' dir='ltr'><strong>psalmis</strong></span> <span class='ocrx_word' id='word_1_74' title='bbox 575 1628 660 1682; x_wconf 87' lang='lat' dir='ltr'><strong>quam</strong></span> <span class='ocrx_word' id='word_1_75' title='bbox 687 1611 717 1668; x_wconf 88' lang='lat' dir='ltr'><strong>in</strong></span> <span class='ocrx_word' id='word_1_76' title='bbox 743 1612 892 1684; x_wconf 89' lang='lat' dir='ltr'><strong>prophetis</strong></span> <span class='ocrx_word' id='word_1_77' title='bbox 914 1614 944 1669; x_wconf 89' lang='lat' dir='ltr'><strong>et</strong></span> <span class='ocrx_word' id='word_1_78' title='bbox 967 1611 1072 1670; x_wconf 89' lang='lat' dir='ltr'><strong>ceteris</strong></span> <span class='ocrx_word' id='word_1_79' title='bbox 1088 1610 1256 1683; x_wconf 84' lang='lat' dir='ltr'><strong>seripturis:</strong></span> <span class='ocrx_word' id='word_1_80' title='bbox 1281 1608 1510 1667; x_wconf 77' lang='lat' dir='ltr'><strong>scrutamini.</strong></span> 
     </span>
     <span class='ocr_line' id='line_1_11' title="bbox 344 1711 1513 1786; baseline 0 -18"><span class='ocrx_word' id='word_1_81' title='bbox 344 1730 370 1768; x_wconf 81' lang='lat' dir='ltr'><strong>ro</strong></span> <span class='ocrx_word' id='word_1_82' title='bbox 380 1729 436 1786; x_wconf 87' lang='lat' dir='ltr'><strong>quo</strong></span> <span class='ocrx_word' id='word_1_83' title='bbox 451 1716 578 1772; x_wconf 89' lang='lat' dir='ltr'><strong>scrutato</strong></span> <span class='ocrx_word' id='word_1_84' title='bbox 594 1732 612 1772; x_wconf 88' lang='lat' dir='ltr'><strong>a</strong></span> <span class='ocrx_word' id='word_1_85' title='bbox 627 1714 719 1784; x_wconf 87' lang='lat' dir='ltr'><strong>uobis,</strong></span> <span class='ocrx_word' id='word_1_86' title='bbox 732 1713 859 1773; x_wconf 89' lang='lat' dir='ltr'><strong>inuentis</strong></span> <span class='ocrx_word' id='word_1_87' title='bbox 873 1717 910 1773; x_wconf 89' lang='lat' dir='ltr'><strong>ab</strong></span> <span class='ocrx_word' id='word_1_88' title='bbox 923 1715 958 1772; x_wconf 92' lang='lat' dir='ltr'><strong>iis</strong></span> <span class='ocrx_word' id='word_1_89' title='bbox 971 1715 1020 1786; x_wconf 90' lang='lat' dir='ltr'><strong>qui</strong></span> <span class='ocrx_word' id='word_1_90' title='bbox 1035 1713 1194 1786; x_wconf 88' lang='lat' dir='ltr'><strong>scripturas</strong></span> <span class='ocrx_word' id='word_1_91' title='bbox 1206 1717 1321 1771; x_wconf 87' lang='lat' dir='ltr'><strong>sanctae</strong></span> <span class='ocrx_word' id='word_1_92' title='bbox 1333 1711 1513 1770; x_wconf 82' lang='lat' dir='ltr'><strong>tradiderunt</strong></span> 
     </span>
     <span class='ocr_line' id='line_1_12' title="bbox 379 1813 1511 1888; baseline -0.002 -17"><span class='ocrx_word' id='word_1_93' title='bbox 379 1831 437 1873; x_wconf 90' lang='lat' dir='ltr'><strong>non</strong></span> <span class='ocrx_word' id='word_1_94' title='bbox 452 1815 553 1874; x_wconf 89' lang='lat' dir='ltr'><strong>mereri</strong></span> <span class='ocrx_word' id='word_1_95' title='bbox 567 1833 615 1874; x_wconf 89' lang='lat' dir='ltr'><strong>eos</strong></span> <span class='ocrx_word' id='word_1_96' title='bbox 628 1817 763 1888; x_wconf 79' lang='lat' dir='ltr'><strong>congredi</strong></span> <span class='ocrx_word' id='word_1_97' title='bbox 775 1817 926 1874; x_wconf 89' lang='lat' dir='ltr'><strong>consilium</strong></span> <span class='ocrx_word' id='word_1_98' title='bbox 940 1818 1080 1888; x_wconf 86' lang='lat' dir='ltr'><strong>nostrum,</strong></span> <span class='ocrx_word' id='word_1_99' title='bbox 1095 1816 1125 1873; x_wconf 91' lang='lat' dir='ltr'><strong>id</strong></span> <span class='ocrx_word' id='word_1_100' title='bbox 1146 1817 1193 1873; x_wconf 88' lang='lat' dir='ltr'><strong>est</strong></span> <span class='ocrx_word' id='word_1_101' title='bbox 1207 1814 1357 1874; x_wconf 89' lang='lat' dir='ltr'><strong>consilium</strong></span> <span class='ocrx_word' id='word_1_102' title='bbox 1372 1813 1511 1871; x_wconf 88' lang='lat' dir='ltr'><strong>salutare.</strong></span> 
     </span>
     <span class='ocr_line' id='line_1_13' title="bbox 380 1914 1513 1991; baseline -0.004 -17"><span class='ocrx_word' id='word_1_103' title='bbox 380 1933 461 1975; x_wconf 91' lang='lat' dir='ltr'><strong>nemo</strong></span> <span class='ocrx_word' id='word_1_104' title='bbox 488 1921 533 1975; x_wconf 89' lang='lat' dir='ltr'><strong>est</strong></span> <span class='ocrx_word' id='word_1_105' title='bbox 560 1917 635 1976; x_wconf 90' lang='lat' dir='ltr'><strong>enim</strong></span> <span class='ocrx_word' id='word_1_106' title='bbox 662 1919 711 1990; x_wconf 89' lang='lat' dir='ltr'><strong>qui</strong></span> <span class='ocrx_word' id='word_1_107' title='bbox 737 1919 791 1977; x_wconf 92' lang='lat' dir='ltr'><strong>boe</strong></span> <span class='ocrx_word' id='word_1_108' title='bbox 815 1919 964 1977; x_wconf 89' lang='lat' dir='ltr'><strong>consilinm</strong></span> <span class='ocrx_word' id='word_1_109' title='bbox 989 1918 1189 1991; x_wconf 81' lang='lat' dir='ltr'><strong>congrediatur</strong></span> <span class='ocrx_word' id='word_1_110' title='bbox 1212 1945 1273 1978; x_wconf 68' lang='lat' dir='ltr'><strong>aa*</strong></span> <span class='ocrx_word' id='word_1_111' title='bbox 1288 1933 1344 1973; x_wconf 92' lang='lat' dir='ltr'><strong>non</strong></span> <span class='ocrx_word' id='word_1_112' title='bbox 1361 1914 1513 1973; x_wconf 86' lang='lat' dir='ltr'><strong>caelestem</strong></span> 
     </span>
     <span class='ocr_line' id='line_1_14' title="bbox 382 2019 1513 2094; baseline -0.001 -19"><span class='ocrx_word' id='word_1_113' title='bbox 382 2020 503 2090; x_wconf 75' lang='lat' dir='ltr'><strong>spectet.</strong></span> <span class='ocrx_word' id='word_1_114' title='bbox 519 2036 553 2076; x_wconf 89' lang='lat' dir='ltr'><strong>ac</strong></span> <span class='ocrx_word' id='word_1_115' title='bbox 567 2023 718 2092; x_wconf 88' lang='lat' dir='ltr'><strong>propterea</strong></span> <span class='ocrx_word' id='word_1_116' title='bbox 733 2021 952 2079; x_wconf 89' lang='lat' dir='ltr'><strong>memorauimus</strong></span> <span class='ocrx_word' id='word_1_117' title='bbox 968 2023 1000 2078; x_wconf 90' lang='lat' dir='ltr'><strong>ut</strong></span> <span class='ocrx_word' id='word_1_118' title='bbox 1014 2020 1036 2077; x_wconf 94' lang='lat' dir='ltr'><strong>ii</strong></span> <span class='ocrx_word' id='word_1_119' title='bbox 1052 2020 1101 2094; x_wconf 87' lang='lat' dir='ltr'><strong>qni</strong></span> <span class='ocrx_word' id='word_1_120' title='bbox 1116 2019 1216 2077; x_wconf 86' lang='lat' dir='ltr'><strong>taliter</strong></span> <span class='ocrx_word' id='word_1_121' title='bbox 1231 2019 1389 2090; x_wconf 87' lang='lat' dir='ltr'><strong>scripturas</strong></span> <span class='ocrx_word' id='word_1_122' title='bbox 1405 2019 1513 2075; x_wconf 88' lang='lat' dir='ltr'><strong>tracta-</strong></span> 
     </span>
     <span class='ocr_line' id='line_1_15' title="bbox 381 2120 1515 2196; baseline -0.002 -18"><span class='ocrx_word' id='word_1_123' title='bbox 381 2123 486 2179; x_wconf 89' lang='lat' dir='ltr'><strong>ncrunt</strong></span> <span class='ocrx_word' id='word_1_124' title='bbox 500 2122 536 2179; x_wconf 88' lang='lat' dir='ltr'><strong>ad</strong></span> <span class='ocrx_word' id='word_1_125' title='bbox 552 2125 658 2180; x_wconf 89' lang='lat' dir='ltr'><strong>statum</strong></span> <span class='ocrx_word' id='word_1_126' title='bbox 674 2123 768 2195; x_wconf 90' lang='lat' dir='ltr'><strong>piebis</strong></span> <span class='ocrx_word' id='word_1_127' title='bbox 783 2127 813 2183; x_wconf 88' lang='lat' dir='ltr'><strong>ot</strong></span> <span class='ocrx_word' id='word_1_128' title='bbox 825 2124 960 2182; x_wconf 86' lang='lat' dir='ltr'><strong>iudicium</strong></span> <span class='ocrx_word' id='word_1_129' title='bbox 975 2125 1011 2182; x_wconf 92' lang='lat' dir='ltr'><strong>ab</strong></span> <span class='ocrx_word' id='word_1_130' title='bbox 1027 2124 1098 2195; x_wconf 88' lang='lat' dir='ltr'><strong>ipsis</strong></span> <span class='ocrx_word' id='word_1_131' title='bbox 1113 2125 1274 2196; x_wconf 88' lang='lat' dir='ltr'><strong>porrectum</strong></span> <span class='ocrx_word' id='word_1_132' title='bbox 1291 2149 1329 2181; x_wconf 68' lang='lat' dir='ltr'><strong>aa</strong></span> <span class='ocrx_word' id='word_1_133' title='bbox 1351 2138 1404 2178; x_wconf 90' lang='lat' dir='ltr'><strong>nec</strong></span> <span class='ocrx_word' id='word_1_134' title='bbox 1418 2120 1515 2191; x_wconf 87' lang='lat' dir='ltr'><strong>aliqua</strong></span> 
     </span>
     <span class='ocr_line' id='line_1_16' title="bbox 348 2222 1514 2302; baseline -0.004 -19"><span class='ocrx_word' id='word_1_135' title='bbox 348 2223 460 2283; x_wconf 75' lang='lat' dir='ltr'><strong>coactio</strong></span> <span class='ocrx_word' id='word_1_136' title='bbox 475 2224 512 2281; x_wconf 92' lang='lat' dir='ltr'><strong>ab</strong></span> <span class='ocrx_word' id='word_1_137' title='bbox 528 2223 601 2297; x_wconf 87' lang='lat' dir='ltr'><strong>ipsis</strong></span> <span class='ocrx_word' id='word_1_138' title='bbox 615 2225 717 2302; x_wconf 87' lang='lat' dir='ltr'><strong>promi,</strong></span> <span class='ocrx_word' id='word_1_139' title='bbox 741 2225 792 2283; x_wconf 88' lang='lat' dir='ltr'><strong>sed</strong></span> <span class='ocrx_word' id='word_1_140' title='bbox 814 2241 866 2282; x_wconf 91' lang='lat' dir='ltr'><strong>nec</strong></span> <span class='ocrx_word' id='word_1_141' title='bbox 881 2226 968 2283; x_wconf 90' lang='lat' dir='ltr'><strong>etiam</strong></span> <span class='ocrx_word' id='word_1_142' title='bbox 983 2227 1019 2283; x_wconf 88' lang='lat' dir='ltr'><strong>ed</strong></span> <span class='ocrx_word' id='word_1_143' title='bbox 1034 2227 1142 2283; x_wconf 88' lang='lat' dir='ltr'><strong>etatum</strong></span> <span class='ocrx_word' id='word_1_144' title='bbox 1165 2223 1298 2282; x_wconf 84' lang='lat' dir='ltr'><strong>sacrificii</strong></span> <span class='ocrx_word' id='word_1_145' title='bbox 1314 2238 1407 2296; x_wconf 89' lang='lat' dir='ltr'><strong>neque</strong></span> <span class='ocrx_word' id='word_1_146' title='bbox 1422 2222 1514 2293; x_wconf 86' lang='lat' dir='ltr'><strong>piebis</strong></span> 
     </span>
     <span class='ocr_line' id='line_1_17' title="bbox 383 2323 1515 2401; baseline -0.002 -19"><span class='ocrx_word' id='word_1_147' title='bbox 383 2339 447 2385; x_wconf 86' lang='lat' dir='ltr'><strong>esse</strong></span> <span class='ocrx_word' id='word_1_148' title='bbox 462 2325 598 2398; x_wconf 84' lang='lat' dir='ltr'><strong>proximi:</strong></span> <span class='ocrx_word' id='word_1_149' title='bbox 616 2326 720 2398; x_wconf 80' lang='lat' dir='ltr'><strong>qeribus</strong></span> <span class='ocrx_word' id='word_1_150' title='bbox 732 2326 831 2401; x_wconf 91' lang='lat' dir='ltr'><strong>ntique</strong></span> <span class='ocrx_word' id='word_1_151' title='bbox 845 2327 901 2385; x_wconf 80' lang='lat' dir='ltr'><strong>iarn</strong></span> <span class='ocrx_word' id='word_1_152' title='bbox 916 2328 1022 2385; x_wconf 89' lang='lat' dir='ltr'><strong>dudum</strong></span> <span class='ocrx_word' id='word_1_153' title='bbox 1037 2326 1175 2386; x_wconf 86' lang='lat' dir='ltr'><strong>derelicta</strong></span> <span class='ocrx_word' id='word_1_154' title='bbox 1189 2326 1272 2398; x_wconf 84' lang='lat' dir='ltr'><strong>plebe</strong></span> <span class='ocrx_word' id='word_1_155' title='bbox 1282 2325 1392 2382; x_wconf 89' lang='lat' dir='ltr'><strong>nudata</strong></span> <span class='ocrx_word' id='word_1_156' title='bbox 1402 2323 1515 2393; x_wconf 63' lang='lat' dir='ltr'><strong>diaria,</strong></span> 
     </span>
     <span class='ocr_line' id='line_1_18' title="bbox 386 2424 1516 2500; baseline -0.003 -16"><span class='ocrx_word' id='word_1_157' title='bbox 386 2431 516 2500; x_wconf 87' lang='lat' dir='ltr'><strong>promota</strong></span> <span class='ocrx_word' id='word_1_158' title='bbox 531 2429 678 2487; x_wconf 84' lang='lat' dir='ltr'><strong>sacrificia.</strong></span> <span class='ocrx_word' id='word_1_159' title='bbox 695 2430 797 2488; x_wconf 79' lang='lat' dir='ltr'><strong>monto</strong></span> <span class='ocrx_word' id='word_1_160' title='bbox 806 2430 876 2487; x_wconf 86' lang='lat' dir='ltr'><strong>lraec</strong></span> <span class='ocrx_word' id='word_1_161' title='bbox 888 2431 1077 2488; x_wconf 76' lang='lat' dir='ltr'><strong>memorantes</strong></span> <span class='ocrx_word' id='word_1_162' title='bbox 1088 2445 1153 2486; x_wconf 90' lang='lat' dir='ltr'><strong>cum</strong></span> <span class='ocrx_word' id='word_1_163' title='bbox 1165 2426 1310 2485; x_wconf 89' lang='lat' dir='ltr'><strong>moestitia</strong></span> <span class='ocrx_word' id='word_1_164' title='bbox 1321 2429 1408 2498; x_wconf 91' lang='lat' dir='ltr'><strong>atque</strong></span> <span class='ocrx_word' id='word_1_165' title='bbox 1420 2424 1516 2482; x_wconf 89' lang='lat' dir='ltr'><strong>dolore</strong></span> 
     </span>
     <span class='ocr_line' id='line_1_19' title="bbox 387 2526 1518 2604; baseline -0.001 -18"><span class='ocrx_word' id='word_1_166' title='bbox 387 2529 476 2586; x_wconf 90' lang='lat' dir='ltr'><strong>animi</strong></span> <span class='ocrx_word' id='word_1_167' title='bbox 492 2530 589 2602; x_wconf 85' lang='lat' dir='ltr'><strong>profici</strong></span> <span class='ocrx_word' id='word_1_168' title='bbox 606 2533 680 2589; x_wconf 88' lang='lat' dir='ltr'><strong>toste</strong></span> <span class='ocrx_word' id='word_1_169' title='bbox 695 2531 732 2588; x_wconf 90' lang='lat' dir='ltr'><strong>ad</strong></span> <span class='ocrx_word' id='word_1_170' title='bbox 745 2531 897 2589; x_wconf 90' lang='lat' dir='ltr'><strong>Dominum</strong></span> <span class='ocrx_word' id='word_1_171' title='bbox 913 2531 990 2604; x_wconf 88' lang='lat' dir='ltr'><strong>qnod</strong></span> <span class='ocrx_word' id='word_1_172' title='bbox 1005 2529 1155 2588; x_wconf 87' lang='lat' dir='ltr'><strong>debuimus</strong></span> <span class='ocrx_word' id='word_1_173' title='bbox 1177 2532 1321 2587; x_wconf 87' lang='lat' dir='ltr'><strong>statuere:</strong></span> <span class='ocrx_word' id='word_1_174' title='bbox 1345 2526 1394 2601; x_wconf 86' lang='lat' dir='ltr'><strong>qui</strong></span> <span class='ocrx_word' id='word_1_175' title='bbox 1420 2545 1518 2587; x_wconf 89' lang='lat' dir='ltr'><strong>omues</strong></span> 
     </span>
     <span class='ocr_line' id='line_1_20' title="bbox 387 2630 1518 2704; baseline 0.002 -17"><span class='ocrx_word' id='word_1_176' title='bbox 387 2630 612 2704; x_wconf 83' lang='lat' dir='ltr'><strong>disceptationes</strong></span> <span class='ocrx_word' id='word_1_177' title='bbox 627 2631 658 2691; x_wconf 90' lang='lat' dir='ltr'><strong>et</strong></span> <span class='ocrx_word' id='word_1_178' title='bbox 673 2633 864 2692; x_wconf 87' lang='lat' dir='ltr'><strong>dissensiones</strong></span> <span class='ocrx_word' id='word_1_179' title='bbox 879 2637 908 2692; x_wconf 89' lang='lat' dir='ltr'><strong>et</strong></span> <span class='ocrx_word' id='word_1_180' title='bbox 933 2635 1067 2692; x_wconf 86' lang='lat' dir='ltr'><strong>lraeresee</strong></span> <span class='ocrx_word' id='word_1_181' title='bbox 1089 2636 1120 2691; x_wconf 89' lang='lat' dir='ltr'><strong>et</strong></span> <span class='ocrx_word' id='word_1_182' title='bbox 1141 2632 1279 2690; x_wconf 88' lang='lat' dir='ltr'><strong>scandala</strong></span> <span class='ocrx_word' id='word_1_183' title='bbox 1300 2630 1364 2689; x_wconf 90' lang='lat' dir='ltr'><strong>ausi</strong></span> <span class='ocrx_word' id='word_1_184' title='bbox 1379 2634 1461 2689; x_wconf 90' lang='lat' dir='ltr'><strong>eraut</strong></span> <span class='ocrx_word' id='word_1_185' title='bbox 1483 2648 1518 2689; x_wconf 92' lang='lat' dir='ltr'><strong>ue</strong></span> 
     </span>
     <span class='ocr_line' id='line_1_21' title="bbox 352 2733 1519 2806; baseline 0.001 -17"><span class='ocrx_word' id='word_1_186' title='bbox 352 2750 379 2790; x_wconf 82' lang='lat' dir='ltr'><strong>eo</strong></span> <span class='ocrx_word' id='word_1_187' title='bbox 389 2733 510 2792; x_wconf 84' lang='lat' dir='ltr'><strong>ulterius</strong></span> <span class='ocrx_word' id='word_1_188' title='bbox 524 2739 679 2806; x_wconf 86' lang='lat' dir='ltr'><strong>prouoeent</strong></span> <span class='ocrx_word' id='word_1_189' title='bbox 694 2735 730 2793; x_wconf 91' lang='lat' dir='ltr'><strong>ad</strong></span> <span class='ocrx_word' id='word_1_190' title='bbox 751 2752 782 2794; x_wconf 89' lang='lat' dir='ltr'><strong>ee</strong></span> <span class='ocrx_word' id='word_1_191' title='bbox 798 2737 926 2794; x_wconf 89' lang='lat' dir='ltr'><strong>homines</strong></span> <span class='ocrx_word' id='word_1_192' title='bbox 942 2754 992 2794; x_wconf 89' lang='lat' dir='ltr'><strong>sou</strong></span> <span class='ocrx_word' id='word_1_193' title='bbox 1008 2736 1101 2793; x_wconf 87' lang='lat' dir='ltr'><strong>minus</strong></span> <span class='ocrx_word' id='word_1_194' title='bbox 1123 2735 1179 2793; x_wconf 90' lang='lat' dir='ltr'><strong>fide</strong></span> <span class='ocrx_word' id='word_1_195' title='bbox 1202 2752 1253 2792; x_wconf 89' lang='lat' dir='ltr'><strong>sen</strong></span> <span class='ocrx_word' id='word_1_196' title='bbox 1268 2733 1418 2806; x_wconf 85' lang='lat' dir='ltr'><strong>scripturis</strong></span> <span class='ocrx_word' id='word_1_197' title='bbox 1441 2734 1519 2790; x_wconf 87' lang='lat' dir='ltr'><strong>leues</strong></span> 
     </span>
     <span class='ocr_line' id='line_1_22' title="bbox 388 2834 1520 2910; baseline -0.001 -19"><span class='ocrx_word' id='word_1_198' title='bbox 388 2834 449 2892; x_wconf 88' lang='lat' dir='ltr'><strong>sint</strong></span> <span class='ocrx_word' id='word_1_199' title='bbox 464 2839 493 2892; x_wconf 91' lang='lat' dir='ltr'><strong>ot</strong></span> <span class='ocrx_word' id='word_1_200' title='bbox 508 2835 640 2908; x_wconf 89' lang='lat' dir='ltr'><strong>lectores,</strong></span> <span class='ocrx_word' id='word_1_201' title='bbox 657 2836 687 2894; x_wconf 93' lang='lat' dir='ltr'><strong>id</strong></span> <span class='ocrx_word' id='word_1_202' title='bbox 703 2837 856 2895; x_wconf 88' lang='lat' dir='ltr'><strong>statuimus</strong></span> <span class='ocrx_word' id='word_1_203' title='bbox 872 2842 959 2910; x_wconf 83' lang='lat' dir='ltr'><strong>atque</strong></span> <span class='ocrx_word' id='word_1_204' title='bbox 983 2839 1091 2895; x_wconf 84' lang='lat' dir='ltr'><strong>statuto</strong></span> <span class='ocrx_word' id='word_1_205' title='bbox 1107 2839 1205 2894; x_wconf 88' lang='lat' dir='ltr'><strong>nostre</strong></span> <span class='ocrx_word' id='word_1_206' title='bbox 1221 2835 1315 2895; x_wconf 83' lang='lat' dir='ltr'><strong>recedi</strong></span> <span class='ocrx_word' id='word_1_207' title='bbox 1330 2835 1470 2902; x_wconf 88' lang='lat' dir='ltr'><strong>uolumus,</strong></span> <span class='ocrx_word' id='word_1_208' title='bbox 1487 2837 1520 2890; x_wconf 89' lang='lat' dir='ltr'><strong>nt</strong></span> 
     </span>
     <span class='ocr_line' id='line_1_23' title="bbox 389 2935 1518 3011; baseline -0.002 -17"><span class='ocrx_word' id='word_1_209' title='bbox 389 2937 414 2994; x_wconf 90' lang='lat' dir='ltr'><strong>si</strong></span> <span class='ocrx_word' id='word_1_210' title='bbox 431 2936 481 3010; x_wconf 84' lang='lat' dir='ltr'><strong>qui</strong></span> <span class='ocrx_word' id='word_1_211' title='bbox 496 2938 618 2995; x_wconf 87' lang='lat' dir='ltr'><strong>tradidit</strong></span> <span class='ocrx_word' id='word_1_212' title='bbox 633 2938 812 3011; x_wconf 86' lang='lat' dir='ltr'><strong>praepositus</strong></span> <span class='ocrx_word' id='word_1_213' title='bbox 834 2938 902 2997; x_wconf 87' lang='lat' dir='ltr'><strong>hnic</strong></span> <span class='ocrx_word' id='word_1_214' title='bbox 924 2938 1002 3011; x_wconf 86' lang='lat' dir='ltr'><strong>plebi</strong></span> <span class='ocrx_word' id='word_1_215' title='bbox 1025 2940 1190 2997; x_wconf 89' lang='lat' dir='ltr'><strong>mereantur</strong></span> <span class='ocrx_word' id='word_1_216' title='bbox 1212 2937 1374 2996; x_wconf 88' lang='lat' dir='ltr'><strong>antistitem</strong></span> <span class='ocrx_word' id='word_1_217' title='bbox 1396 2935 1518 2994; x_wconf 84' lang='lat' dir='ltr'><strong>admini-</strong></span> 
     </span>
     <span class='ocr_line' id='line_1_24' title="bbox 390 3039 1519 3115; baseline -0.001 -20"><span class='ocrx_word' id='word_1_218' title='bbox 390 3039 530 3098; x_wconf 85' lang='lat' dir='ltr'><strong>strantem</strong></span> <span class='ocrx_word' id='word_1_219' title='bbox 542 3039 629 3099; x_wconf 84' lang='lat' dir='ltr'><strong>altari</strong></span> <span class='ocrx_word' id='word_1_220' title='bbox 649 3057 683 3098; x_wconf 88' lang='lat' dir='ltr'><strong>ac</strong></span> <span class='ocrx_word' id='word_1_221' title='bbox 694 3056 809 3114; x_wconf 86' lang='lat' dir='ltr'><strong>corporo</strong></span> <span class='ocrx_word' id='word_1_222' title='bbox 822 3041 943 3115; x_wconf 80' lang='lat' dir='ltr'><strong>integro.</strong></span> <span class='ocrx_word' id='word_1_223' title='bbox 960 3041 996 3099; x_wconf 91' lang='lat' dir='ltr'><strong>iis</strong></span> <span class='ocrx_word' id='word_1_224' title='bbox 1012 3059 1079 3100; x_wconf 91' lang='lat' dir='ltr'><strong>nero</strong></span> <span class='ocrx_word' id='word_1_225' title='bbox 1091 3041 1229 3099; x_wconf 89' lang='lat' dir='ltr'><strong>iussimus</strong></span> <span class='ocrx_word' id='word_1_226' title='bbox 1240 3058 1257 3098; x_wconf 91' lang='lat' dir='ltr'><strong>a</strong></span> <span class='ocrx_word' id='word_1_227' title='bbox 1269 3040 1373 3114; x_wconf 89' lang='lat' dir='ltr'><strong>quibus</strong></span> <span class='ocrx_word' id='word_1_228' title='bbox 1389 3041 1419 3096; x_wconf 92' lang='lat' dir='ltr'><strong>et</strong></span> <span class='ocrx_word' id='word_1_229' title='bbox 1430 3039 1519 3096; x_wconf 84' lang='lat' dir='ltr'><strong>sacri-</strong></span> 
     </span>
     <span class='ocr_line' id='line_1_25' title="bbox 388 3141 1521 3217; baseline 0.001 -20"><span class='ocrx_word' id='word_1_230' title='bbox 388 3141 483 3199; x_wconf 81' lang='lat' dir='ltr'><strong>ficinm</strong></span> <span class='ocrx_word' id='word_1_231' title='bbox 510 3142 605 3200; x_wconf 85' lang='lat' dir='ltr'><strong>otierri</strong></span> <span class='ocrx_word' id='word_1_232' title='bbox 632 3143 770 3202; x_wconf 88' lang='lat' dir='ltr'><strong>iubemus.</strong></span> <span class='ocrx_word' id='word_1_233' title='bbox 796 3145 896 3202; x_wconf 90' lang='lat' dir='ltr'><strong>morito</strong></span> <span class='ocrx_word' id='word_1_234' title='bbox 911 3144 1071 3217; x_wconf 88' lang='lat' dir='ltr'><strong>praeceptis</strong></span> <span class='ocrx_word' id='word_1_235' title='bbox 1096 3144 1133 3201; x_wconf 90' lang='lat' dir='ltr'><strong>iis</strong></span> <span class='ocrx_word' id='word_1_236' title='bbox 1156 3142 1348 3214; x_wconf 84' lang='lat' dir='ltr'><strong>obtemperari</strong></span> <span class='ocrx_word' id='word_1_237' title='bbox 1370 3141 1454 3200; x_wconf 90' lang='lat' dir='ltr'><strong>debet</strong></span> <span class='ocrx_word' id='word_1_238' title='bbox 1470 3156 1521 3198; x_wconf 85' lang='lat' dir='ltr'><strong>nee</strong></span> 
     </span>
     <span class='ocr_line' id='line_1_26' title="bbox 355 3240 1519 3318; baseline -0.003 -14"><span class='ocrx_word' id='word_1_239' title='bbox 355 3263 381 3304; x_wconf 76' lang='lat' dir='ltr'><strong>aa</strong></span> <span class='ocrx_word' id='word_1_240' title='bbox 391 3240 471 3299; x_wconf 84' lang='lat' dir='ltr'><strong>alirrd</strong></span> <span class='ocrx_word' id='word_1_241' title='bbox 487 3242 538 3300; x_wconf 85' lang='lat' dir='ltr'><strong>fiet</strong></span> <span class='ocrx_word' id='word_1_242' title='bbox 552 3260 637 3316; x_wconf 88' lang='lat' dir='ltr'><strong>quam</strong></span> <span class='ocrx_word' id='word_1_243' title='bbox 653 3243 754 3302; x_wconf 89' lang='lat' dir='ltr'><strong>statim</strong></span> <span class='ocrx_word' id='word_1_244' title='bbox 776 3245 941 3318; x_wconf 82' lang='lat' dir='ltr'><strong>euangelica</strong></span> <span class='ocrx_word' id='word_1_245' title='bbox 956 3262 1011 3304; x_wconf 85' lang='lat' dir='ltr'><strong>uox</strong></span> <span class='ocrx_word' id='word_1_246' title='bbox 1027 3246 1138 3305; x_wconf 88' lang='lat' dir='ltr'><strong>sincera</strong></span> <span class='ocrx_word' id='word_1_247' title='bbox 1152 3249 1217 3305; x_wconf 90' lang='lat' dir='ltr'><strong>cata</strong></span> <span class='ocrx_word' id='word_1_248' title='bbox 1232 3245 1368 3304; x_wconf 87' lang='lat' dir='ltr'><strong>loannem</strong></span> <span class='ocrx_word' id='word_1_249' title='bbox 1384 3243 1519 3317; x_wconf 87' lang='lat' dir='ltr'><strong>loquitur.</strong></span> 
     </span>
    </p>
   </div>
   <div class='ocr_carea' id='block_1_5' title="bbox 458 3442 634 3500">
    <p class='ocr_par' dir='ltr' id='par_1_5' title="bbox 458 3442 634 3500">
     <span class='ocr_line' id='line_1_27' title="bbox 458 3442 634 3500; baseline 0.011 -7"><span class='ocrx_word' id='word_1_250' title='bbox 458 3442 634 3500; x_wconf 52' lang='lat' dir='ltr'><strong>dmaw</strong></span> 
     </span>
    </p>
   </div>
   <div class='ocr_carea' id='block_1_6' title="bbox 391 3629 1527 4305">
    <p class='ocr_par' dir='ltr' id='par_1_6' title="bbox 391 3629 1527 4305">
     <span class='ocr_line' id='line_1_28' title="bbox 460 3629 1523 3704; baseline -0.002 -21"><span class='ocrx_word' id='word_1_251' title='bbox 460 3632 547 3701; x_wconf 76' lang='lat' dir='ltr'><strong>Epist.</strong></span> <span class='ocrx_word' id='word_1_252' title='bbox 566 3633 617 3686; x_wconf 84' lang='grc' dir='ltr'><strong>ΙΙΙ.</strong></span> <span class='ocrx_word' id='word_1_253' title='bbox 634 3635 736 3703; x_wconf 87' lang='lat' dir='ltr'><strong>Incipit</strong></span> <span class='ocrx_word' id='word_1_254' title='bbox 754 3635 786 3688; x_wconf 84' lang='lat' dir='ltr'><strong>ad</strong></span> <span class='ocrx_word' id='word_1_255' title='bbox 805 3635 909 3704; x_wconf 87' lang='lat' dir='ltr'><strong>plebem</strong></span> <span class='ocrx_word' id='word_1_256' title='bbox 928 3636 1085 3704; x_wconf 79' lang='lat' dir='ltr'><strong>Cartaginie</strong></span> <span class='ocrx_word' id='word_1_257' title='bbox 1103 3636 1136 3687; x_wconf 89' lang='grc' dir='ltr'><strong>Ζ.</strong></span> <span class='ocrx_word' id='word_1_258' title='bbox 1163 3664 1197 3675; x_wconf 89' lang='grc'>-</span> <span class='ocrx_word' id='word_1_259' title='bbox 1225 3634 1258 3686; x_wconf 91' lang='grc'><strong>10</strong></span> <span class='ocrx_word' id='word_1_260' title='bbox 1281 3632 1400 3685; x_wconf 87' lang='lat' dir='ltr'><strong>iuuentis</strong></span> <span class='ocrx_word' id='word_1_261' title='bbox 1417 3631 1451 3684; x_wconf 93' lang='lat' dir='ltr'><strong>ab</strong></span> <span class='ocrx_word' id='word_1_262' title='bbox 1469 3629 1523 3682; x_wconf 83' lang='lat' dir='ltr'><strong>hiis</strong></span> 
     </span>
     <span class='ocr_line' id='line_1_29' title="bbox 392 3715 1526 3785; baseline -0.001 -17"><span class='ocrx_word' id='word_1_263' title='bbox 392 3715 426 3784; x_wconf 85' lang='lat' dir='ltr'><strong>Z,</strong></span> <span class='ocrx_word' id='word_1_264' title='bbox 444 3717 542 3770; x_wconf 87' lang='lat' dir='ltr'><strong>minati</strong></span> <span class='ocrx_word' id='word_1_265' title='bbox 566 3735 658 3771; x_wconf 79' lang='lat' dir='ltr'><strong>surmus</strong></span> <span class='ocrx_word' id='word_1_266' title='bbox 676 3719 719 3772; x_wconf 89' lang='lat' dir='ltr'><strong>bis</strong></span> <span class='ocrx_word' id='word_1_267' title='bbox 741 3721 817 3785; x_wconf 74' lang='lat' dir='ltr'><strong>sort,</strong></span> <span class='ocrx_word' id='word_1_268' title='bbox 843 3723 983 3774; x_wconf 86' lang='lat' dir='ltr'><strong>inuentum</strong></span> <span class='ocrx_word' id='word_1_269' title='bbox 1009 3725 1050 3774; x_wconf 88' lang='lat' dir='ltr'><strong>cet</strong></span> <span class='ocrx_word' id='word_1_270' title='bbox 1073 3721 1108 3774; x_wconf 89' lang='lat' dir='ltr'><strong>ab</strong></span> <span class='ocrx_word' id='word_1_271' title='bbox 1125 3721 1160 3773; x_wconf 87' lang='lat' dir='ltr'><strong>iis</strong></span> <span class='ocrx_word' id='word_1_272' title='bbox 1178 3720 1248 3774; x_wconf 79' lang='lat' dir='ltr'><strong>coci.</strong></span> <span class='ocrx_word' id='word_1_273' title='bbox 1267 3717 1407 3771; x_wconf 71' lang='lat' dir='ltr'><strong>Betucius</strong></span> <span class='ocrx_word' id='word_1_274' title='bbox 1424 3717 1473 3783; x_wconf 79' lang='lat' dir='ltr'><strong>qai</strong></span> <span class='ocrx_word' id='word_1_275' title='bbox 1490 3731 1526 3767; x_wconf 76' lang='lat' dir='ltr'><strong>aa</strong></span> 
     </span>
     <span class='ocr_line' id='line_1_30' title="bbox 391 3800 1527 3872; baseline -0.005 -16"><span class='ocrx_word' id='word_1_276' title='bbox 391 3801 484 3856; x_wconf 81' lang='lat' dir='ltr'><strong>codice</strong></span> <span class='ocrx_word' id='word_1_277' title='bbox 506 3803 636 3858; x_wconf 79' lang='lat' dir='ltr'><strong>Faaeaai</strong></span> <span class='ocrx_word' id='word_1_278' title='bbox 660 3805 834 3862; x_wconf 72' lang='lat' dir='ltr'><strong>bibliothecae</strong></span> <span class='ocrx_word' id='word_1_279' title='bbox 863 3807 1033 3861; x_wconf 72' lang='lat' dir='ltr'><strong>Gdbmtieoc</strong></span> <span class='ocrx_word' id='word_1_280' title='bbox 1055 3808 1086 3872; x_wconf 82' lang='lat' dir='ltr'><strong>(i.</strong></span> <span class='ocrx_word' id='word_1_281' title='bbox 1111 3823 1133 3859; x_wconf 81' lang='lat' dir='ltr'><strong>e.</strong></span> <span class='ocrx_word' id='word_1_282' title='bbox 1157 3806 1193 3870; x_wconf 83' lang='grc' dir='ltr'><strong>Ζ)</strong></span> <span class='ocrx_word' id='word_1_283' title='bbox 1212 3805 1324 3871; x_wconf 70' lang='lat' dir='ltr'><strong>prime</strong></span> <span class='ocrx_word' id='word_1_284' title='bbox 1346 3800 1434 3856; x_wconf 78' lang='lat' dir='ltr'><strong>edidit</strong></span> <span class='ocrx_word' id='word_1_285' title='bbox 1455 3801 1527 3851; x_wconf 71' lang='lat' dir='ltr'><strong>icone</strong></span> 
     </span>
     <span class='ocr_line' id='line_1_31' title="bbox 391 3887 1525 3959; baseline -0.004 -16"><span class='ocrx_word' id='word_1_286' title='bbox 391 3889 538 3955; x_wconf 52' lang='lat' dir='ltr'><strong>waiam</strong></span> <span class='ocrx_word' id='word_1_287' title='bbox 609 3893 642 3943; x_wconf 93' lang='lat'><strong>11</strong></span> <span class='ocrx_word' id='word_1_288' title='bbox 660 3891 778 3945; x_wconf 85' lang='lat' dir='ltr'><strong>salutare</strong></span> <span class='ocrx_word' id='word_1_289' title='bbox 792 3893 824 3955; x_wconf 86' lang='lat' dir='ltr'><strong>Z,</strong></span> <span class='ocrx_word' id='word_1_290' title='bbox 841 3891 965 3946; x_wconf 87' lang='lat' dir='ltr'><strong>babitare</strong></span> <span class='ocrx_word' id='word_1_291' title='bbox 978 3892 1041 3945; x_wconf 84' lang='lat' dir='ltr'><strong>Bel.</strong></span> <span class='ocrx_word' id='word_1_292' title='bbox 1112 3892 1146 3944; x_wconf 83' lang='lat'><strong>12</strong></span> <span class='ocrx_word' id='word_1_293' title='bbox 1164 3890 1352 3959; x_wconf 74' lang='lat' dir='ltr'><strong>congrediatur</strong></span> <span class='ocrx_word' id='word_1_294' title='bbox 1369 3888 1439 3942; x_wconf 77' lang='lat' dir='ltr'><strong>coeci.</strong></span> <span class='ocrx_word' id='word_1_295' title='bbox 1453 3887 1525 3945; x_wconf 79' lang='lat' dir='ltr'><strong>Bai..</strong></span> 
     </span>
     <span class='ocr_line' id='line_1_32' title="bbox 391 3970 1526 4046; baseline -0.004 -18"><span class='ocrx_word' id='word_1_296' title='bbox 391 3975 590 4029; x_wconf 88' lang='lat' dir='ltr'><strong>condreaturZ</strong></span> <span class='ocrx_word' id='word_1_297' title='bbox 600 3978 918 4046; x_wconf 78' lang='lat' dir='ltr'><strong>lucunamipeeindicet</strong></span> <span class='ocrx_word' id='word_1_298' title='bbox 1000 3978 1128 4046; x_wconf 74' lang='lat' dir='ltr'><strong>lepram</strong></span> <span class='ocrx_word' id='word_1_299' title='bbox 1139 3976 1345 4030; x_wconf 68' lang='lat' dir='ltr'><strong>interciderant</strong></span> <span class='ocrx_word' id='word_1_300' title='bbox 1423 3973 1456 4025; x_wconf 80' lang='grc'><strong>16</strong></span> <span class='ocrx_word' id='word_1_301' title='bbox 1468 3970 1526 4038; x_wconf 88' lang='lat' dir='ltr'><strong>qui·</strong></span> 
     </span>
     <span class='ocr_line' id='line_1_33' title="bbox 391 4056 1527 4133; baseline -0.004 -19"><span class='ocrx_word' id='word_1_302' title='bbox 391 4059 443 4115; x_wconf 85' lang='lat' dir='ltr'><strong>bus</strong></span> <span class='ocrx_word' id='word_1_303' title='bbox 459 4064 567 4130; x_wconf 78' lang='lat' dir='ltr'><strong>scripsi,</strong></span> <span class='ocrx_word' id='word_1_304' title='bbox 586 4064 633 4129; x_wconf 91' lang='lat' dir='ltr'><strong>qui</strong></span> <span class='ocrx_word' id='word_1_305' title='bbox 652 4064 678 4115; x_wconf 85' lang='lat' dir='ltr'><em>Z</em></span> <span class='ocrx_word' id='word_1_306' title='bbox 767 4066 800 4117; x_wconf 77' lang='lat'><strong>17</strong></span> <span class='ocrx_word' id='word_1_307' title='bbox 818 4068 939 4133; x_wconf 88' lang='lat' dir='ltr'><strong>promota</strong></span> <span class='ocrx_word' id='word_1_308' title='bbox 955 4065 1063 4131; x_wconf 74' lang='lat' dir='ltr'><strong>scripsi,</strong></span> <span class='ocrx_word' id='word_1_309' title='bbox 1081 4068 1205 4131; x_wconf 89' lang='lat' dir='ltr'><strong>prompta</strong></span> <span class='ocrx_word' id='word_1_310' title='bbox 1223 4064 1250 4115; x_wconf 86' lang='lat' dir='ltr'><strong><em>Z</em></strong></span> <span class='ocrx_word' id='word_1_311' title='bbox 1325 4057 1464 4125; x_wconf 82' lang='lat' dir='ltr'><strong>sacrificia]</strong></span> <span class='ocrx_word' id='word_1_312' title='bbox 1482 4056 1527 4108; x_wconf 86' lang='lat' dir='ltr'><strong>de-</strong></span> 
     </span>
     <span class='ocr_line' id='line_1_34' title="bbox 394 4142 1527 4217; baseline -0.007 -15"><span class='ocrx_word' id='word_1_313' title='bbox 394 4148 562 4217; x_wconf 87' lang='lat' dir='ltr'><strong>reliquerunt</strong></span> <span class='ocrx_word' id='word_1_314' title='bbox 580 4149 741 4204; x_wconf 77' lang='lat' dir='ltr'><strong>addendum</strong></span> <span class='ocrx_word' id='word_1_315' title='bbox 759 4165 814 4204; x_wconf 81' lang='lat' dir='ltr'><strong>esce</strong></span> <span class='ocrx_word' id='word_1_316' title='bbox 832 4158 919 4204; x_wconf 70' lang='lat' dir='ltr'><strong>emet</strong></span> <span class='ocrx_word' id='word_1_317' title='bbox 938 4149 1001 4203; x_wconf 86' lang='lat' dir='ltr'><strong>Bai.</strong></span> <span class='ocrx_word' id='word_1_318' title='bbox 1089 4151 1123 4204; x_wconf 89' lang='grc'><strong>18</strong></span> <span class='ocrx_word' id='word_1_319' title='bbox 1141 4149 1197 4217; x_wconf 90' lang='lat' dir='ltr'><strong>qni]</strong></span> <span class='ocrx_word' id='word_1_320' title='bbox 1216 4163 1297 4216; x_wconf 85' lang='lat' dir='ltr'><strong>quam</strong></span> <span class='ocrx_word' id='word_1_321' title='bbox 1316 4148 1342 4200; x_wconf 88' lang='lat' dir='ltr'><em>Z</em></span> <span class='ocrx_word' id='word_1_322' title='bbox 1421 4144 1454 4197; x_wconf 84' lang='lat'><strong>19</strong></span> <span class='ocrx_word' id='word_1_323' title='bbox 1472 4142 1527 4196; x_wconf 86' lang='lat' dir='ltr'><strong>dis·</strong></span> 
     </span>
     <span class='ocr_line' id='line_1_35' title="bbox 394 4229 1492 4305; baseline -0.006 -18"><span class='ocrx_word' id='word_1_324' title='bbox 394 4237 531 4289; x_wconf 87' lang='lat' dir='ltr'><strong>sencioues</strong></span> <span class='ocrx_word' id='word_1_325' title='bbox 548 4235 576 4288; x_wconf 85' lang='lat' dir='ltr'><em>Z</em></span> <span class='ocrx_word' id='word_1_326' title='bbox 666 4237 726 4290; x_wconf 87' lang='lat' dir='ltr'><strong>ausi</strong></span> <span class='ocrx_word' id='word_1_327' title='bbox 745 4241 823 4290; x_wconf 89' lang='lat' dir='ltr'><strong>erant</strong></span> <span class='ocrx_word' id='word_1_328' title='bbox 840 4237 947 4305; x_wconf 65' lang='lat' dir='ltr'><strong>scripsi,</strong></span> <span class='ocrx_word' id='word_1_329' title='bbox 965 4238 1093 4289; x_wconf 83' lang='lat' dir='ltr'><strong>auserunt</strong></span> <span class='ocrx_word' id='word_1_330' title='bbox 1112 4235 1157 4297; x_wconf 74' lang='lat'><strong>2¹,</strong></span> <span class='ocrx_word' id='word_1_331' title='bbox 1175 4235 1321 4287; x_wconf 84' lang='lat' dir='ltr'><strong>hauserant</strong></span> <span class='ocrx_word' id='word_1_332' title='bbox 1338 4233 1377 4285; x_wconf 74' lang='lat'><strong>2²</strong></span> <span class='ocrx_word' id='word_1_333' title='bbox 1391 4236 1416 4283; x_wconf 80' lang='lat' dir='ltr'><strong>ct</strong></span> <span class='ocrx_word' id='word_1_334' title='bbox 1428 4229 1492 4283; x_wconf 71' lang='lat' dir='ltr'><strong>aaz.</strong></span> 
     </span>
    </p>
   </div>
   <div class='ocr_carea' id='block_1_7' title="bbox 393 4319 1334 4473">
    <p class='ocr_par' dir='ltr' id='par_1_7' title="bbox 393 4319 1334 4473">
     <span class='ocr_line' id='line_1_36' title="bbox 393 4319 1334 4391; baseline -0.002 -17"><span class='ocrx_word' id='word_1_335' title='bbox 393 4320 427 4375; x_wconf 80' lang='lat'><strong>21</strong></span> <span class='ocrx_word' id='word_1_336' title='bbox 446 4321 537 4391; x_wconf 81' lang='lat' dir='ltr'><strong>atque]</strong></span> <span class='ocrx_word' id='word_1_337' title='bbox 557 4324 639 4390; x_wconf 84' lang='lat' dir='ltr'><strong>atque</strong></span> <span class='ocrx_word' id='word_1_338' title='bbox 657 4322 806 4376; x_wconf 83' lang='lat' dir='ltr'><strong>statuimus</strong></span> <span class='ocrx_word' id='word_1_339' title='bbox 823 4324 904 4391; x_wconf 83' lang='lat' dir='ltr'><strong>atque</strong></span> <span class='ocrx_word' id='word_1_340' title='bbox 922 4322 950 4374; x_wconf 83' lang='lat' dir='ltr'><em>Z</em></span> <span class='ocrx_word' id='word_1_341' title='bbox 1051 4322 1087 4375; x_wconf 80' lang='grc'><strong>23</strong></span> <span class='ocrx_word' id='word_1_342' title='bbox 1103 4320 1158 4375; x_wconf 87' lang='lat' dir='ltr'><strong>hiis</strong></span> <span class='ocrx_word' id='word_1_343' title='bbox 1175 4321 1203 4374; x_wconf 89' lang='lat' dir='ltr'><strong><em>Z</em></strong></span> <span class='ocrx_word' id='word_1_344' title='bbox 1217 4326 1249 4374; x_wconf 75' lang='lat' dir='ltr'><strong>at</strong></span> <span class='ocrx_word' id='word_1_345' title='bbox 1266 4319 1334 4373; x_wconf 75' lang='lat' dir='ltr'><strong>eolat</strong></span> 
     </span>
     <span class='ocr_line' id='line_1_37' title="bbox 497 4410 1320 4473; baseline -0.006 0"><span class='ocrx_word' id='word_1_346' title='bbox 497 4427 537 4473; x_wconf 93' lang='grc' dir='ltr'><strong>ιιι</strong></span> <span class='ocrx_word' id='word_1_347' title='bbox 552 4428 574 4472; x_wconf 81' lang='lat' dir='ltr'><strong>a</strong></span> <span class='ocrx_word' id='word_1_348' title='bbox 1281 4410 1320 4468; x_wconf 88' lang='lat'><strong>18</strong></span> 
     </span>
    </p>
   </div>
   <div class='ocr_carea' id='block_1_8' title="bbox 0 0 1892 4920">
    <p class='ocr_par' dir='ltr' id='par_1_8' title="bbox 0 0 1892 4920">
     <span class='ocr_line' id='line_1_38' title="bbox 0 0 1892 4920; baseline 0 0"><span class='ocrx_word' id='word_1_349' title='bbox 0 0 1892 4920; x_wconf 95' lang='lat' dir='ltr'><strong> </strong></span> 
     </span>
    </p>
   </div>
  </div>
 </body>
</html>
