3720 4920
407 370 451 429 ld
467 370 602 442 vigilium
619 368 772 441 episcopum
788 368 823 424 de
839 368 949 425 ludrica
967 367 1157 425 incredulitate
1174 385 1198 425 c.
1215 370 1294 429 6-1.
1358 373 1421 438 127

284 533 319 594 de
333 532 449 593 Domini
463 532 573 607 pietate
589 530 753 604 clementia,
768 534 802 590 ut
816 530 843 590 si
858 531 923 604 quis
938 529 1027 591 semel
1041 545 1106 590 sese
1121 530 1153 589 in
1166 545 1233 590 eum
1246 533 1307 591 teto
1318 530 1421 591 timore

283 636 459 697 conuerterit
479 636 517 694 ad
531 632 655 694 eoeleste
681 649 786 693 munus
800 631 945 692 admissus
970 631 1072 692 statim
1092 630 1150 691 iem
1165 631 1228 692 eius
1242 649 1301 693 non
1314 632 1373 693 nisi
1387 634 1425 694 ad

283 737 384 797 diuina
409 752 490 797 mens
513 738 615 810 pateat
640 736 721 798 etad
745 734 857 796 caelum
873 751 908 795 uc
923 750 1049 809 superna
1063 732 1161 794 oculos
1176 733 1271 796 cordis
1286 734 1425 797 attollens

285 839 396 900 Christi
409 839 507 898 lumen
521 842 624 913 partae
639 839 698 898 iam
713 837 818 898 salutis
833 835 966 911 aspiciat.

263 962 276 1000 ι
327 941 497 1016 Exemplum
511 958 546 1002 ac
562 941 764 1002 documentum
778 940 872 1000 nostri
882 939 995 999 timoris
1009 943 1040 999 et
1053 939 1122 1000 fidei
1136 957 1172 1001 ex
1186 938 1278 1015 ipsius
1289 939 1425 1002 Abrahae
1436 942 1454 999 7

284 1043 467 1118 patriarchae
481 1043 561 1102 fideli
576 1041 749 1103 credulitate
762 1044 948 1115 monstratur,
963 1039 1015 1115 qni
1028 1041 1245 1115 repromissioni
1259 1042 1313 1103 Dei
1327 1047 1423 1105 mente

284 1144 410 1220 simplici
435 1144 537 1204 stadm
564 1144 687 1204 eredidit
712 1146 743 1205 et
769 1143 833 1203 ideo
859 1142 896 1202 ad
916 1142 1059 1203 iustitiam
1089 1143 1224 1218 deputari
1238 1145 1266 1204 ei
1281 1146 1424 1219 condigna

283 1245 513 1307 remuneratione
527 1245 707 1306 commeruit.
722 1246 777 1306 hoc
792 1243 871 1305 Deus
886 1244 994 1318 diligit,
1011 1244 1066 1304 boc
1079 1245 1200 1319 adpetit,
1215 1246 1270 1307 hoc
1283 1246 1315 1307 iu
1329 1249 1424 1308 seruis

281 1348 344 1409 enie
358 1347 503 1424 benignus
517 1350 682 1408 remunerat
697 1350 728 1408 et
748 1348 882 1419 honorat,
904 1346 1120 1422 simplicitatem
1141 1347 1242 1407 mundi
1257 1349 1352 1412 cordis
1367 1368 1423 1426 que

247 1451 375 1510 rebeum
390 1449 544 1522 cernimus,
558 1449 691 1509 timerem
706 1447 871 1510 dilectionis
887 1447 1004 1509 Domini
1019 1465 1075 1523 quo
1089 1449 1254 1525 probemur,
1277 1451 1424 1513 credulam

282 1551 367 1612 fldem
392 1553 499 1613 mentis
524 1568 582 1626 que
607 1550 739 1611 iustitiae
765 1551 948 1623 deputemur.
971 1552 1047 1610 hanc
1069 1550 1154 1611 tidem
1170 1553 1263 1627 sequi,
1277 1555 1355 1614 bunc
1369 1555 1423 1613 Dei

281 1653 413 1713 timorem
440 1668 557 1712 seruare
584 1668 636 1712 noe
663 1651 807 1723 conuenit,
834 1651 883 1726 qui
911 1650 1106 1712 custodientes
1127 1653 1218 1713 uerba
1242 1654 1379 1716 caelestia
1393 1660 1424 1716 et

281 1757 432 1829 sperantes
456 1754 598 1828 promissa
624 1753 724 1813 diuina
748 1754 802 1812 dlii
826 1754 961 1813 Abrahae
983 1755 1140 1815 meruimus
1154 1756 1324 1830 nuncupari.
1347 1760 1422 1832 quod

280 1855 406 1929 apostoli
432 1857 518 1916 Pauli
544 1855 596 1930 qni
620 1855 674 1915 Ilei
701 1871 770 1916 uoce
797 1873 851 1914 uas
876 1854 1027 1916 electionis
1041 1857 1087 1915 est
1101 1856 1197 1917 dietus
1212 1859 1422 1919 contestatione

247 1957 413 2018 obfirmatur
440 1958 580 2018 dicentis:
611 1958 710 2018 sicut
739 1957 923 2017 Abraham
955 1957 1120 2017 eredidit
1141 1959 1299 2031 Deo,.et
1321 1977 1420 2021 ecee-

282 2061 344 2134 pto
376 2058 493 2119 latum
527 2063 585 2120 est
614 2059 648 2120 ei
678 2059 721 2118 ad
753 2058 954 2118 iustitiam.
988 2061 1209 2134 cognoscite
1231 2077 1316 2136 ergo
1339 2079 1422 2136 quo·

280 2159 378 2221 niam
400 2161 463 2236 qui
484 2179 526 2223 ex
547 2161 625 2221 lide
647 2163 735 2221 eunt
754 2161 793 2220 hi
815 2164 905 2220 sunt
926 2160 1008 2221 lilii
1029 2162 1209 2222 Abrahae.
1239 2163 1295 2224 hee
1322 2164 1422 2223 Iudai·

280 2279 331 2322 eus
356 2262 490 2338 populus,
517 2263 596 2323 cuia
616 2262 772 2337 primordio
799 2262 874 2337 legis
900 2262 1009 2322 monita
1033 2261 1234 2337 loquebantur,
1257 2263 1422 2324 incredulae

281 2366 386 2424 mentis
412 2367 520 2425 dumtia
545 2369 576 2425 et
596 2365 700 2439 perfidi
726 2365 821 2425 cordis
849 2364 964 2424 insama
984 2380 1101 2424 seruare
1115 2366 1219 2438 noluit,
1247 2369 1278 2425 et
1291 2366 1355 2426 ideo
1369 2383 1422 2440 pro

243 2465 459 2526 eodilfidentiae
474 2467 576 2526 merito
591 2465 716 2527 filiorum
731 2483 834 2526 nomen
851 2465 959 2526 amisit.
978 2483 1037 2525 non
1050 2467 1149 2525 temen
1160 2465 1285 2526 omnium
1295 2467 1421 2539 perfidae

279 2567 375 2641 gentis
400 2568 541 2627 aduersus
567 2584 671 2627 nomen
697 2566 822 2640 Domini,
848 2566 1002 2642 quominus
1027 2565 1232 2643 intellegerent
1256 2568 1421 2644 ueritatem,

354 2765 389 2817 15
406 2763 466 2818 Gal.
484 2764 509 2828 3,
528 2764 554 2817 6.

350 2968 425 3039 lut]
445 2967 539 3021 antZ
651 2968 922 3037 sese]seZ,esset
1033 2967 1210 3038 inladBel.
1326 2970 1423 3024 deon·

283 3053 401 3106 uerteret
418 3055 451 3115 ι’,
469 3052 601 3105 aderunt
617 3050 647 3104 Ζ
713 3052 749 3106 ad
766 3067 803 3106 ex
820 3055 849 3106 et
865 3057 878 3106 t
894 3068 930 3106 m.
949 3053 979 3117 2,
996 3053 1025 3106 et
1042 3051 1115 3122 adp
1191 3054 1321 3109 semineus
1340 3053 1389 3108 Τί·

283 3136 902 3193 menseinenoniamnisieddininoBel.
1018 3135 1195 3207 3ac]adZ
1295 3139 1424 3208 dpertae

279 3222 346 3291 ieml
369 3220 462 3289 perid
483 3224 586 3290 portem
610 3223 665 3275 iem
682 3222 714 3288 Z,
733 3237 765 3277 ac
786 3222 906 3292 petriam
925 3221 1005 3289 Bet3
1028 3228 1069 3277 eet
1085 3223 1254 3292 praedem
1271 3238 1328 3292 pro
1344 3228 1424 3293 perta

283 3307 340 3360 iam
357 3305 801 3376 solute5012Rdneebpag.d36
869 3305 946 3376 bae]
966 3307 1032 3361 adt
1100 3306 1118 3361 6
1135 3323 1164 3362 se
1182 3308 1392 3377 promissioniZ

280 3390 344 3446 ‘tet
361 3407 411 3446 ore
431 3392 459 3445 Z
569 3391 702 3460 condigne
723 3391 760 3445 1¹¹
874 3391 893 3445 8
910 3391 1030 3460 edpeciit
1048 3392 1074 3446 Ζ
1182 3393 1200 3447 9
1217 3391 1422 3462 simplicitatem

281 3475 412 3532 uidelicet
429 3476 493 3532 Rae
513 3491 583 3531 cce·
685 3492 740 3546 quo
758 3475 838 3531 deum
854 3476 962 3546 scripsi,
982 3475 1053 3546 quod
1070 3491 1131 3530 enm
1144 3475 1423 3549 1¹2¹,quoenmt’p,

281 3561 405 3631 quoqnod
422 3579 484 3617 cum
501 3563 534 3626 Z,
552 3563 601 3631 qui
619 3561 728 3631 quidem
745 3561 805 3616 eius
823 3579 841 3618 o
1014 3562 1049 3617 10
1066 3560 1172 3616 domini
1189 3578 1242 3617 om.
1260 3564 1294 3628 Z,
1315 3562 1360 3618 dei
1377 3569 1389 3618 t

279 3647 425 3716 probemus
444 3648 471 3701 Ζ
573 3648 606 3701 11
625 3662 677 3716 que
693 3646 805 3701 iusticia
823 3647 851 3700 Z
952 3645 987 3700 1s
1006 3645 1135 3700 timorem
1152 3645 1197 3701 dei
1213 3646 1243 3701 Ζ
1343 3647 1377 3702 13
1394 3651 1424 3704 et

281 3730 377 3787 diuina
398 3733 445 3788 w
549 3747 681 3786 meremur
698 3747 734 3787 ec
751 3731 962 3786 meruittm.2
1067 3730 1100 3785 14
1117 3731 1422 3800 pauli...i.15abra·

280 3820 345 3875 bam
362 3835 412 3875 occ
432 3820 458 3874 Ζ
571 3821 606 3874 lb
624 3819 705 3890 sicut]
725 3820 798 3875 sico
910 3818 1014 3889 accepti
1031 3818 1118 3872 latum
1137 3839 1166 3888 μ,
1184 3818 1345 3889 deputatum
1364 3820 1391 3874 Z

281 3905 316 3959 16
335 3905 497 3975 cognoscitis
516 3905 544 3959 Ζ
646 3906 783 3976 quoniam]
803 3905 868 3974 quis
885 3905 913 3959 Ζ
1017 3903 1139 3958 libis.
1158 3904 1177 3958 l.
1198 3903 1325 3974 abrabae]
1344 3905 1423 3960 bene·

281 3989 351 4044 dicti
367 3993 432 4044 eunt
449 4006 511 4044 cum
530 3989 605 4044 ddeli
622 3988 754 4044 sbraham
773 3990 800 4044 Ζ
912 3990 947 4045 18
964 4005 981 4043 a
999 4004 1050 4044 om.
1069 3988 1097 4041 Z
1205 3989 1344 4043 incredula
1364 3990 1391 4043 Τ

281 4077 315 4131 19
332 4075 441 4147 perfidie
459 4077 517 4143 Τι’,
535 4076 648 4147 perfidia
663 4076 688 4130 t·
838 4074 926 4131 cordis
943 4091 995 4131 one
1017 4077 1054 4132 Tr
1209 4076 1345 4131 insanium
1363 4077 1391 4130 Ζ

280 4162 316 4216 10
333 4161 506 4218 diffedentiae
528 4162 558 4227 T,
578 4162 730 4217 differentic
747 4163 775 4217 Ζ
889 4161 1013 4221 ,nomina
1030 4160 1109 4215 misit
1127 4161 1154 4215 Τ
1283 4160 1422 4231 perddisru
