3720 4920
393 344 457 409 246
865 341 1050 412 Appendix.

395 518 471 559 mum
487 501 513 560 si
529 503 643 576 saepius
658 502 792 571 inuadat,
809 517 842 559 ac
854 500 974 560 subinde
990 501 1145 560 maioribus
1160 500 1301 561 machinis
1322 498 1521 572 aggrediatur:

393 604 469 663 nihil
485 605 580 679 potest
595 607 733 663 aduersus
759 619 822 662 eum
837 604 887 677 qui
903 608 998 663 tecum
1012 606 1066 663 cst.
1091 603 1137 661 dic
1159 604 1232 661 illud
1254 601 1386 661 Ioannis:
1408 602 1525 659 maior

395 708 537 781 estqui
560 707 598 766 iu
621 707 821 777 uobisest‚
852 724 955 779 quam
978 707 1038 780 qui
1062 707 1097 766 in
1120 707 1193 766 isto
1215 707 1353 764 mundo.
1376 704 1523 763 succurrat

396 809 468 868 iilud
483 810 597 868 Domini
619 809 742 868 dictum:
765 807 950 866 confidite
974 809 1142 880 quoniam
1165 825 1231 881 ego
1253 807 1326 865 uici
1349 806 1522 864 mundum.

397 911 443 971 bis
459 910 636 970 orationibus
658 910 684 968 ai
699 909 806 969 Christi
821 909 904 968 miles
927 909 1013 969 100111
1035 910 1209 969 exercitatus
1232 910 1269 967 ad
1293 907 1469 978 condictum,
1494 907 1549 963 inc

397 1012 459 1072 dies
475 1015 629 1085 comperiet
643 1030 724 1071 suum
740 1012 953 1085 antagonistam
969 1012 1144 1071 debiliorem.

346 1124 385 1181 39
439 1114 501 1173 Nec
527 1117 621 1173 tamen
636 1114 821 1174 remittendae
837 1118 905 1172 sunt
920 1112 1065 1185 excubiae,
1093 1112 1247 1186 siquando
1270 1113 1361 1170 bostis
1377 1110 1525 1169 simulabit

395 1215 644 1288 tranquillitatem,
662 1218 713 1276 sed
728 1217 882 1274 obseruaue
897 1215 977 1274 illius
994 1215 1113 1274 insidias
1129 1215 1205 1274 dicat
1219 1231 1283 1273 cum
1296 1215 1379 1273 beato
1391 1214 1522 1272 Abacuc:

397 1335 506 1390 super
538 1319 744 1377 custodiam
777 1335 886 1376 meam
910 1318 1016 1376 stabo
1046 1320 1081 1374 et
1103 1317 1255 1390 gradum
1278 1315 1392 1389 figam
1413 1330 1525 1386 super

395 1423 552 1492 petram,
582 1420 658 1479 omni
688 1419 817 1478 custodia
831 1437 949 1479 seruans
972 1436 1020 1478 cor
1037 1436 1146 1489 meum,
1177 1435 1212 1476 ne
1238 1435 1295 1491 qua
1315 1419 1412 1490 pateat
1427 1417 1561 1474 aditusro

397 1522 592 1581 obambulanti
616 1523 818 1596 quaerentique
848 1539 931 1594 quem
959 1521 1086 1580 decorat.
1113 1520 1291 1579 tutissimum
1313 1522 1406 1577 autem
1429 1517 1525 1576 cordis

396 1624 602 1682 munimentum
617 1626 661 1682 est
676 1624 814 1682 sobrietas
827 1641 890 1682 cum
906 1623 1028 1681 instanti
1044 1623 1172 1681 oratioue
1184 1622 1300 1695 iugique
1316 1619 1523 1693 scripturarum

396 1724 591 1783 meditatione.
621 1725 736 1783 omnis
769 1725 859 1783 enim
895 1725 1087 1796 scriptura
1118 1724 1305 1783 diuinitus
1327 1723 1523 1795 inspirata,

397 1824 510 1885 utilis
532 1830 589 1884 cst
611 1826 653 1885 ad
676 1825 887 1896 docendum,
917 1826 959 1883 ad
981 1827 1220 1899 arguendum,
1249 1826 1295 1884 ad
1317 1824 1521 1895 corripien-

397 1929 493 1998 dum,
517 1929 557 1986 ad
580 1929 818 1988 erudiendum
840 1929 876 1986 iu
899 1929 1070 2000 iustitia,
1094 1932 1132 1987 ut
1148 1929 1337 2002 perfectus
1353 1927 1560 1986 sithomom

396 2029 477 2101 Dei,
500 2030 541 2087 ad
564 2046 663 2088 omne
686 2047 774 2102 opus
798 2029 925 2087 bouum
948 2030 1171 2088 instructus.
1202 2047 1236 2088 ex
1258 2029 1312 2087 bac
1335 2027 1522 2103 igituraolli·

396 2131 505 2203 gaudae
521 2135 589 2189 suut
603 2131 772 2202 sententiae,
788 2148 859 2205 quas
874 2134 911 2190 ad
926 2149 1041 2191 manum
1057 2135 1087 2190 et
1102 2131 1183 2191 uelut
1197 2132 1228 2190 in
1243 2133 1388 2205 procinctu
1403 2131 1523 2204 babeas,

397 2236 428 2291 at
443 2232 489 2290 his
504 2233 635 2305 protinus
650 2237 809 2305 serpentem
835 2236 921 2305 caput
936 2234 1094 2305 erigentem
1116 2233 1242 2292 delicias.
1271 2233 1366 2291 nullus
1381 2237 1426 2292 est
1447 2234 1521 2291 euim

397 2335 556 2394 animorum
571 2336 695 2404 morbus,
719 2335 763 2393 cui
779 2352 834 2392 non
856 2350 991 2407 praeseus
1005 2335 1160 2394 remedium
1183 2335 1281 2393 diuina
1296 2335 1439 2408 scriptura
1453 2351 1522 2407 sup·

396 2437 548 2509 peditaret.
565 2437 632 2495 binc
643 2435 831 2508 comparanda
843 2439 911 2493 suut
923 2436 1053 2508 exempla
1063 2435 1175 2508 piorum
1184 2438 1233 2494 sed
1246 2436 1393 2508 praecipue
1406 2435 1523 2506 Christi,
1533 2455 1565 2495 ae

398 2537 502 2610 quibus
518 2539 680 2610 aequisque
702 2538 747 2595 uel
763 2536 869 2595 animet
884 2536 931 2595 uel
943 2536 1114 2596 consolatur.

349 2637 391 2695 40
443 2637 534 2697 Venio
549 2653 624 2696 nunc
646 2637 682 2697 ad
708 2637 760 2695 illa
785 2637 862 2696 mala
888 2654 960 2710 quae
983 2638 1027 2694 ucl
1044 2637 1135 2710 ipsam
1150 2641 1281 2696 naturam
1297 2639 1418 2698 bominis
1434 2640 1525 2698 comi-

397 2744 496 2798 tantur
511 2740 558 2799 uel
574 2740 693 2799 fortuito
708 2740 841 2799 uidentur
856 2740 965 2799 inferri.
989 2739 1059 2799 haec
1085 2758 1195 2814 quoque
1220 2741 1285 2814 pius
1312 2741 1423 2800 animus
1445 2745 1474 2799 et
1488 2743 1525 2801 ad

397 2844 582 2916 pugnandum
592 2841 750 2901 instructus
765 2842 820 2900 sibi
831 2845 925 2901 uertet
934 2842 963 2900 iu
976 2842 1126 2901 materiam
1138 2859 1266 2903 coronae.
1282 2843 1406 2916 exemplo
1419 2841 1523 2902 taciem

398 2945 472 3016 quod
495 2943 557 3001 dico
582 2942 697 3002 clarius.
728 2944 868 3002 excutitur
895 2942 1000 3016 aliquis
1021 2943 1206 3003 facultatibus
1221 2945 1281 3002 suis
1296 2944 1357 3002 siae
1372 2945 1446 3003 bello
1463 2945 1563 3003 sicess-

397 3046 547 3120 nauiragio
563 3045 624 3104 siue
648 3044 757 3120 rapina.
784 3063 820 3105 ue
834 3046 964 3120 protinus
980 3045 1026 3102 bic
1042 3046 1149 3118 cogitat
1175 3046 1304 3120 laqueum
1320 3049 1371 3105 aut
1386 3047 1524 3106 rationem

397 3149 481 3207 malis
496 3148 607 3207 artibus
623 3143 763 3206 sarciendi
776 3149 851 3222 quod
866 3148 964 3220 periit,
980 3147 1031 3205 sed
1046 3148 1089 3205 ita
1103 3165 1197 3206 secum
1209 3147 1356 3220 loquatur:
1376 3139 1525 3207 ‘Dominus

338 3237 342 3247 ⁸
398 3253 442 3309 ast
457 3251 506 3323 qui
517 3253 612 3308 tentat
624 3267 669 3309 mo
685 3267 720 3307 an
736 3249 854 3322 diligam
870 3249 963 3322 ipsum
979 3265 1014 3306 ex
1029 3250 1196 3308 totocorde.
1214 3249 1291 3320 ipse
1315 3249 1431 3320 dedit,
1447 3251 1527 3322 ipsa

398 3351 572 3424 abstulit,
596 3352 644 3411 sit
666 3367 788 3410 nomeu
811 3350 954 3409 Domini
979 3349 1219 3410 benedictum.
1243 3351 1354 3425 gratias
1368 3352 1526 3425 agatquod

398 3455 541 3527 acceperit
556 3472 589 3514 ex
605 3453 720 3513 Domini
732 3452 925 3526 benignitate:
953 3457 1022 3526 agat
1036 3453 1146 3526 gratiae
1169 3454 1243 3525 quod
1259 3453 1386 3511 amiserit
1400 3454 1436 3511 ad
1458 3471 1524 3525 pro·
1535 3468 1564 3507 ao

398 3556 541 3615 bulionem
554 3556 629 3616 fidei.
660 3555 685 3614 si
699 3556 770 3615 haec
785 3555 889 3614 dixerit
911 3571 944 3615 ao
965 3555 1059 3614 auimo
1081 3572 1137 3629 quo
1152 3554 1224 3614 dixit
1239 3559 1354 3614 sanctus
1366 3555 1431 3626 Iob,
1462 3574 1526 3615 cum

399 3658 449 3717 illo
464 3658 622 3718 mercedem
637 3657 767 3731 accipiet.
792 3656 930 3716 Dominus
956 3656 1092 3715 aestimat
1113 3674 1169 3715 non
1185 3660 1322 3730 quantum
1345 3657 1411 3730 quis
1423 3658 1527 3731 perdat

398 3762 449 3819 sed
464 3777 549 3834 quam
564 3761 721 3833 patienter,
744 3759 979 3832 quamadmodum
995 3776 1050 3817 uon
1066 3760 1184 3833 respicit
1198 3762 1335 3833 quantum
1346 3759 1450 3833 aliquis
1465 3759 1526 3818 lar-

401 3862 498 3937 giatrm
514 3862 664 3936 egentibus
680 3864 731 3922 sad
746 3879 801 3935 quo
817 3861 920 3922 animo.
936 3862 1025 3922 babet
1040 3862 1145 3936 aliquis
1160 3862 1250 3921 filium
1274 3862 1355 3921 unica
1370 3879 1476 3934 aarum,
1493 3877 1525 3921 eo

467 4131 541 4186 210.
560 4133 585 4194 4,
602 4132 629 4185 4.
715 4130 787 4184 410.
808 4131 847 4193 16,
867 4130 910 4184 33.
998 4129 1125 4193 9102,
1145 4131 1168 4183 1.
1257 4130 1335 4183 1311
1354 4129 1422 4185 Tim.
1441 4131 1466 4194 3,
1485 4131 1524 4185 lc

398 4216 500 4272 28101
519 4219 603 4281 aar.
