3720 4920
366 375 429 438 148
838 365 1023 439 appendia

362 529 477 602 poaitus
492 526 591 600 regni:
615 526 748 600 quoniam
764 529 794 586 tu
811 542 843 586 ee
858 542 908 586 rer
923 522 1106 600 regnantium
1120 523 1150 583 et
1172 521 1302 582 domiuum
1322 520 1499 581 dominanti-

363 646 422 701 um,
444 630 493 703 qui
509 630 587 688 solus
612 630 703 688 habes
728 627 963 688 inmortalitatem
979 629 1009 687 et
1022 626 1115 686 luoem
1129 625 1245 685 habitas
1259 624 1500 695 inaooessibilem,

363 747 544 806 quemnemo
559 730 705 790 hominum
720 730 795 790 uidit
805 745 858 790 noo
867 729 966 788 uidere
976 731 1081 801 potest.
1097 728 1198 790 exaudi
1209 744 1255 787 me
1265 730 1405 800 orantem,
1421 726 1498 787 siout

364 832 509 893 exaudisti
524 831 677 893 Danielum
692 831 728 892 de
743 830 808 892 laou
822 831 955 891 leonum:
979 834 1009 891 et
1029 829 1137 889 misisti
1151 828 1299 889 Abbaoum
1314 830 1495 904 prophetam,

361 937 392 994 et
415 934 522 994 adtulit
545 934 572 995 ei
595 934 747 1007 prandium
762 938 793 993 et
808 933 898 992 dixit:
920 932 1057 1006 prande
1080 932 1282 1010 prandium,
1304 931 1400 1007 quod
1422 931 1521 990 tibia

362 1036 465 1096 misit
494 1036 601 1095 Deus.
636 1036 665 1095 et
695 1034 799 1093 Daniel
830 1034 918 1093 dixit:
952 1049 1021 1092 uon
1053 1032 1289 1107 derelinquit
1318 1032 1496 1092 Dominus

362 1139 587 1212 quaerentes
623 1152 670 1197 se.
703 1137 807 1198 exaudi
836 1154 881 1197 me
911 1138 1057 1209 orantem,
1087 1137 1163 1198 mont
1192 1137 1334 1198 exaudisti
1363 1135 1436 1195 Tobi
1466 1135 1497 1194 et

361 1241 475 1300 Sarrum
502 1242 570 1300 dum
597 1242 713 1300 orarent
738 1239 769 1298 iu
796 1239 871 1299 atrio
898 1238 997 1298 domus
1023 1254 1110 1299 suae:
1144 1241 1214 1298 tuno
1240 1239 1346 1300 obtulit
1374 1256 1425 1314 pro
1452 1237 1495 1298 eis

360 1341 491 1416 Raphael
514 1342 635 1416 augelus
659 1341 818 1402 orationem
839 1357 952 1401 eorum:
975 1338 1017 1401 sie
1040 1342 1071 1400 et
1091 1342 1125 1400 tu
1150 1341 1285 1401 exaudias
1299 1358 1399 1415 preoes
1412 1356 1495 1400 meaa

360 1447 391 1503 et
405 1442 504 1502 mittas
528 1443 565 1503 ad
588 1443 684 1502 aulam
698 1445 829 1502 sanotm
846 1444 925 1501 tuam
941 1442 1098 1501 orationem
1113 1458 1215 1514 meam,
1231 1444 1261 1501 et
1276 1441 1408 1502 ooutinuo
1423 1443 1492 1500 mit
1504 1455 1534 1494 ro

362 1547 408 1604 tas
430 1546 565 1619 angelum
585 1548 715 1605 sanetum
731 1548 822 1617 tuum,
838 1543 889 1620 qui
904 1541 1000 1603 deleat
1013 1542 1150 1602 uniuersa
1164 1543 1313 1604 oommisaa
1328 1560 1401 1615 mea,
1417 1543 1494 1602 siout

360 1645 478 1706 deluisti
499 1645 635 1719 spiritum
657 1646 825 1705 inmundum
847 1663 866 1704 a
887 1645 974 1703 Sarra
995 1644 1056 1703 illia
1079 1644 1206 1718 Ragoel:
1230 1648 1260 1705 et
1273 1645 1428 1705 inlumines
1444 1662 1494 1704 eor

359 1764 470 1818 meum,
498 1749 574 1806 siout
600 1746 781 1806 inluminasti
807 1745 905 1806 oeulos
930 1744 1011 1804 Tobi.
1042 1745 1145 1805 exaudi
1171 1761 1216 1805 me
1243 1749 1389 1818 orantem,
1416 1747 1493 1807 sieut

358 1848 502 1908 exaudieti
524 1844 684 1908 Susannam
706 1849 740 1909 de
764 1847 840 1907 inter
864 1864 967 1907 manus
995 1847 1148 1919 seniorum,
1175 1848 1217 1907 sio
1230 1851 1260 1908 et
1274 1865 1318 1908 me
1333 1849 1439 1908 liberes
1454 1849 1490 1908 de

357 1951 414 2010 hoo
427 1952 542 2011 saeculo
557 1950 681 2022 mortali,
696 1951 765 2024 quia
779 1952 811 2009 tu
826 1966 858 2009 es
873 1952 983 2009 amator
997 1965 1086 2022 purae
1102 1950 1303 2010 eousoientiae.
1326 1950 1429 2011 exaudi
1445 1965 1490 2009 me
1501 1967 1532 2006 ra

359 2054 497 2126 orantem,
526 2051 602 2111 siout
627 2051 771 2111 exaudisti
795 2050 947 2110 Enoohiam
969 2065 1066 2124 regem
1089 2051 1260 2112 Iudaeorum
1274 2057 1304 2113 et
1319 2053 1437 2113 deluisti
1454 2051 1492 2111 ab

356 2169 391 2212 eo
417 2153 613 2212 infirmitatem
640 2152 736 2213 earnis
762 2153 841 2213 eius:
869 2151 912 2211 sio
937 2154 967 2212 et
987 2169 1032 2211 me
1057 2152 1172 2225 liberes,
1199 2157 1229 2213 et
1242 2170 1351 2229 augeas
1365 2155 1437 2214 mihi
1453 2153 1492 2213 ad

427 2436 444 2488 5
464 2435 529 2488 Dan.
550 2436 591 2499 14,
609 2435 652 2489 33.

424 2707 438 2760 1
458 2708 489 2760 tu
508 2722 557 2762 ont
576 2722 597 2759 a
677 2708 706 2760 et
722 2720 773 2761 om.
791 2706 825 2760 N
925 2705 1165 2778 Dimmortalitute
1183 2708 1217 2762 N
1316 2709 1353 2778 et]
1373 2711 1401 2764 iu
1420 2710 1456 2764 M

353 2790 464 2846 uanius
481 2809 502 2845 a
518 2807 539 2845 a.
559 2791 577 2844 1.
594 2807 629 2845 m.
647 2793 674 2857 e,
692 2790 801 2845 marae
819 2791 849 2843 n
941 2790 1092 2859 aquam„
1186 2792 1295 2851 ureae
1374 2780 1488 2864 ‘deasq

353 2875 457 2945 poterit
474 2873 535 2930 ΒΝ
623 2876 641 2930 4
658 2873 793 2929 danielem
812 2875 873 2939 Mo,
891 2874 1002 2930 danihel
1019 2877 1053 2932 N
1140 2877 1227 2931 heum
1244 2878 1341 2933 ΜΝΥ
1430 2895 1489 2934 am·

353 2961 449 3014 haeum
468 2959 541 3022 ΝΥ,
558 2960 657 3013 abaouo
675 2960 720 3013 Bo
870 2959 1034 3028 upraudere
1052 2962 1081 3014 Β
1229 2963 1309 3032 quod]
1327 2979 1405 3031 quem
1427 2964 1455 3017 Y

353 3031 437 3100 eun}
454 3044 548 3108 non,
566 3030 597 3097 Β
617 3029 645 3097 a}
662 3043 690 3098 n
833 3043 904 3099 dixit
920 3044 1012 3100 anau
1030 3045 1158 3102 numae
1294 3047 1426 3116 mulque
1444 3048 1488 3117 a,

352 3129 487 3196 relinquet
503 3128 602 3183 BMno
763 3128 780 3180 7
797 3128 858 3183 tobi
880 3129 912 3194 Y,
930 3129 1010 3185 tobim
1028 3147 1057 3195 n,
1075 3131 1177 3186 tobiasi
1193 3132 1231 3196 N,
1250 3133 1351 3188 tobiam
1370 3133 1450 3189 BMo

351 3213 529 3268 8sarumoo
631 3213 741 3268 tuaeY
841 3216 1220 3285 proeisom.n,prosoN
1318 3218 1488 3273 aorauonee

351 3296 432 3362 Mne,
450 3298 480 3351 in
498 3297 645 3352 orationem
663 3297 691 3352 Β
852 3301 881 3354 et
897 3302 929 3354 tu
948 3316 999 3356 om.
1019 3300 1081 3355 ΒΝ
1233 3319 1307 3358 meas
1324 3290 1376 3358 dne
1394 3305 1456 3362 ΒΝ

351 3381 387 3437 uo
403 3382 534 3436 armam
551 3383 685 3439 ammae
783 3387 860 3438 tuam
878 3371 930 3440 offo
945 3386 980 3440 Ν
1076 3387 1211 3442 eradonas
1230 3405 1303 3443 mem
1320 3389 1453 3447 ammae

351 3467 478 3523 mntinuo
495 3483 546 3523 oua
565 3467 630 3534 ΒΝ,
653 3468 822 3523 continenter
838 3486 876 3525 oo
1049 3471 1221 3528 limatum
1245 3489 1295 3529 om.
1320 3475 1452 3531 BMNuo

350 3553 485 3623 uniuersa]
503 3567 595 3606 omues
611 3553 674 3609 ΒΝ
757 3554 909 3624 oommissa]
926 3554 1090 3624 iniquitates
1109 3556 1173 3622 ΒΝ,
1191 3557 1291 3613 delleta
1307 3576 1324 3615 o
1409 3577 1485 3616 meas

351 3638 414 3693 ΒΝ
536 3637 570 3690 12
587 3637 700 3692 deluisti
718 3656 747 3705 n,
766 3638 875 3694 diluisti
897 3639 929 3705 Y,
949 3640 1045 3694 delesti
1064 3641 1173 3697 BMNo
1298 3660 1399 3698 sarram
1419 3645 1483 3710 BY,

350 3737 411 3777 sara
429 3722 480 3777 Mo
582 3722 667 3777 filiam
687 3723 748 3779 ΒΥ
847 3724 965 3795 raguelis
983 3727 1014 3780 Ν
1119 3730 1148 3781 et
1164 3744 1216 3783 oua
1235 3728 1317 3783 Brea
1418 3730 1486 3784 illn-

350 3809 424 3861 mina
441 3807 503 3861 ΒΝ
580 3807 614 3861 13
632 3807 724 3863 tobiae
741 3808 874 3864 BMNno
956 3811 991 3864 14
1007 3809 1041 3864 de
1057 3826 1109 3865 ora.
1126 3812 1237 3868 BMNo
1318 3816 1347 3868 et
1364 3831 1415 3869 oua
1432 3833 1450 3870 o

349 3891 444 3947 liberis
467 3893 498 3957 Y,
517 3892 603 3947 libera
620 3894 653 3949 N
719 3894 753 3949 de
774 3895 806 3960 Y,
826 3895 860 3950 ab
879 3894 1011 3951 BMNuo
1082 3899 1115 3954 15
1132 3900 1241 3954 mortali
1252 3916 1303 3956 om.
1317 3899 1448 3957 BMNoo

350 3980 384 4032 16
401 3979 526 4033 eneohiau
544 3996 573 4042 aa,
591 3982 623 4033 tu
641 3984 669 4034 et
685 3981 819 4035 eneoffium
836 3981 871 4036 N
978 3982 1072 4038 iudeae
1090 3986 1211 4051 BMNu,
1228 3986 1340 4044 iudaea
1456 3991 1485 4043 et

347 4079 399 4119 om.
419 4064 517 4119 BMN
592 4065 700 4120 diluisti
723 4065 755 4131 Y,
772 4064 865 4121 delens
883 4067 948 4132 BN,
967 4067 1060 4122 delisti
1078 4071 1122 4138 Μ,
1141 4069 1237 4126 delesti
1252 4089 1290 4128 uo
1372 4074 1404 4126 17
1426 4090 1484 4129 oar·

347 4149 391 4203 nis
409 4150 467 4204 eius
489 4151 521 4215 Y,
541 4151 628 4205 narnia
645 4168 674 4216 ss,
691 4167 743 4207 om.
762 4152 873 4208 BMNo
988 4169 1065 4208 ame
1083 4155 1212 4210 BMNno
1332 4157 1427 4213 liberie
1450 4160 1486 4223 Y,

347 4235 455 4289 auferas
472 4236 659 4292 infirmitatem
678 4237 767 4292 earnis
785 4238 926 4305 BMNno3
945 4242 973 4294 et
991 4241 1109 4311 eorporis
1126 4242 1191 4301 odd.
1211 4242 1270 4298 ΒΝ
