3720 4920
433 411 474 466 lld
493 410 626 481 vigilium
645 413 799 481 episcopum
818 412 851 464 de
869 411 980 466 Iudaica
999 411 1189 466 incredulitate
1206 428 1228 466 c
1246 412 1341 467 8-10.
1395 415 1451 478 131

312 588 368 630 nus
398 572 461 631 tota
487 569 679 630 miserationis
705 569 813 644 pietate
840 569 1014 642 consuleret,
1044 569 1236 629 dimicationis
1260 569 1353 643 plebis
1377 587 1458 629 mora

314 689 399 748 quem
426 672 521 746 potios
548 671 671 746 eligeret
695 673 858 747 episcopum
886 674 915 732 to
940 673 1090 747 quaerenti
1116 672 1221 746 populo
1248 690 1298 732 suo
1324 673 1457 733 Christus

315 777 495 858 inopinatum
518 778 635 850 repente
656 776 763 835 obtulit
785 779 815 835 et
836 776 1037 849 complacitum
1053 777 1108 835 sibi
1124 777 1259 837 caelestis
1273 777 1457 850 prouidentia

314 879 468 939 manifeste
483 882 626 939 aduentus
641 878 685 938 tui
701 880 859 952 improuisa
873 881 1038 939 occursione
1050 880 1238 939 monstrauit:
1256 881 1457 939 documentum

294 981 460 1054 erepentini
475 999 508 1040 ac
524 981 648 1055 pernicis
668 999 803 1042 occursus
824 983 1055 1056 procurationum
1073 982 1124 1041 Dei
1140 982 1300 1041 uoluntatis
1316 983 1453 1054 ostendit,

315 1088 349 1143 ut
370 1086 446 1157 quod
474 1084 585 1143 difficili
612 1084 792 1157 expeditione
813 1086 863 1142 rrix
890 1085 1033 1157 potuisset
1047 1101 1195 1144 occurrere
1211 1084 1359 1143 celeritate
1375 1084 1456 1144 facili

210 1212 213 1215 Δ
316 1186 472 1259 perfectum
488 1186 528 1245 sit
542 1186 692 1260 urguentis
708 1186 822 1245 Domini
839 1186 964 1246 iussione
990 1191 1020 1245 ot
1036 1190 1068 1246 ut
1083 1187 1164 1260 prius
1180 1189 1208 1246 te
1223 1185 1253 1244 in
1269 1187 1390 1247 ecclesia
1405 1186 1459 1247 Dei

318 1289 482 1362 episcopum
498 1291 577 1346 staro
592 1290 772 1361 conspiceres
788 1292 818 1346 et
833 1293 965 1360 stuperes
982 1306 1067 1360 quam
1081 1289 1196 1348 uenuso
1212 1289 1385 1348 dinosceres.

359 1391 431 1449 Inde
467 1391 648 1449 dilectionem
678 1391 735 1449 iam
771 1394 866 1450 tecum
903 1409 984 1450 snam
1015 1391 1153 1451 Dominus
1189 1391 1307 1451 initiata
1335 1391 1457 1451 caritate
1469 1382 1511 1442 10
1620 1432 1624 1439 -

281 1509 308 1547 so
317 1491 454 1561 firmauit,
482 1491 547 1550 inde
573 1491 729 1551 amicitiam
756 1495 852 1551 tecum
879 1510 965 1566 quiam
986 1493 1136 1565 discipulis
1159 1494 1220 1553 suis
1241 1495 1296 1553 sub
1311 1493 1458 1568 triumpho

317 1593 412 1652 crucis
443 1610 513 1652 suae
542 1592 663 1652 tradidit
698 1593 901 1668 dedicauitque
933 1594 1047 1654 dicens:
1086 1595 1118 1653 si
1155 1595 1332 1655 feceritis
1369 1612 1459 1669 quaa

317 1695 444 1753 mendo
473 1695 595 1767 uobis,
629 1695 699 1753 iam
728 1712 795 1752 non
825 1696 941 1754 (licam
972 1713 1099 1756 seruos
1127 1714 1190 1757 nos
1221 1699 1284 1758 sed
1311 1697 1459 1770 amieos,

318 1797 384 1857 indo
401 1798 581 1871 martyrium,
597 1797 663 1855 iude
679 1798 832 1856 sacerdotii
849 1797 1018 1858 electionem
1035 1799 1173 1872 signauit.
1196 1800 1324 1860 amicitia
1338 1803 1392 1872 est,
1407 1816 1460 1872 per

318 1916 404 1973 quam
429 1901 465 1958 ed
487 1898 595 1958 Christi
619 1899 719 1958 rrultus
740 1899 916 1971 admitteris,
938 1902 1166 1960 extraordinaria
1186 1903 1283 1962 hostia
1297 1901 1458 1975 peruenire.

283 2002 361 2060 rasio
384 2002 531 2074 eliguntur
551 2001 631 2072 iusti,
662 2005 704 2059 sic
725 2002 882 2074 probantur
912 2002 1097 2075 religiosius
1123 2003 1270 2077 simplices
1299 2004 1329 2062 in
1351 2004 1459 2063 curisti

318 2102 421 2161 timore
452 2103 548 2173 electi,
578 2105 700 2161 utente
730 2104 953 2163 remunerationi
976 2104 1043 2163 fidei
1066 2105 1229 2175 destineris,
1251 2109 1318 2165 ante
1332 2105 1459 2178 praemio

319 2209 439 2268 deuotae
462 2207 566 2266 mentis
587 2208 618 2266 in
638 2208 759 2267 Domino
781 2208 887 2281 dignus
908 2209 1051 2279 habearis,
1082 2226 1168 2282 quiam
1193 2210 1306 2268 uenerit
1319 2211 1391 2267 horo
1406 2209 1458 2268 de·

319 2310 402 2382 croti,
433 2327 517 2382 quiam
541 2310 686 2382 exceperis
706 2311 879 2368 sententium
901 2310 1019 2381 Christi,
1050 2312 1200 2384 probatam
1221 2313 1250 2369 te
1274 2314 1305 2370 et
1327 2314 1456 2384 paratam

321 2413 448 2473 hostiam
464 2410 568 2470 electio
583 2411 716 2471 caelestis
740 2411 880 2473 inruoniut.
911 2413 1018 2472 etenim
1033 2413 1084 2472 ille
1096 2417 1126 2472 to
1141 2413 1190 2487 qui
1205 2430 1263 2473 nou
1277 2415 1397 2473 mendax
1414 2417 1460 2474 ost

286 2516 410 2584 soDeus,
439 2514 487 2587 qui
514 2514 679 2586 episcopum
706 2514 785 2587 plebi
813 2531 883 2573 serare
899 2517 934 2573 de
948 2515 1105 2587 improuiso
1121 2515 1281 2586 constituit,
1310 2515 1359 2574 ille
1375 2515 1460 2588 plene

391 2724 424 2775 ll
445 2723 482 2775 Io.
504 2722 608 2784 1a,14.

392 2936 406 2986 1
427 2933 613 2988 miserationes
634 2933 680 2997 1¹¹,
698 2932 872 2987 miseratione
891 2939 902 2987 t
1018 2931 1202 2985 dimicationis
1221 2932 1309 2999 ΤΖίμ,
1330 2931 1461 2986 dimican-

321 3021 360 3074 tis
379 3020 443 3073 Bul.
463 3036 498 3073 cs
514 3036 530 3071 e·
633 3020 651 3073 2
669 3018 791 3088 eligeret]
810 3019 925 3084 eriperet
943 3018 970 3071 Ζ
1080 3019 1098 3070 e
1115 3019 1252 3084 repentem
1271 3019 1297 3070 Z
1399 3034 1462 3086 pro·

324 3104 461 3158 uidentiae
479 3105 640 3158 manifestae
657 3103 834 3156 menifestum
853 3123 872 3169 a
1000 3103 1018 3155 4
1037 3102 1180 3170 improuisi
1198 3102 1231 3165 Ζ,
1249 3102 1370 3156 inrobisa
1391 3104 1426 3158 1¹¹

322 3194 350 3243 et
362 3190 551 3243 documentum
562 3189 625 3242 Bet.
695 3191 713 3242 5
724 3187 841 3257 pernicis
853 3189 960 3256 scripsi,
972 3187 1122 3257 percnnicis
1137 3187 1228 3255 Μ’,
1239 3187 1364 3256 perennis
1377 3189 1462 3256 ἠΰν,

323 3277 493 3344 perhempnis
511 3276 539 3328 Z
660 3275 847 3343 procuratione
865 3294 885 3340 μ
1011 3274 1028 3326 6
1046 3274 1091 3327 uix
1110 3289 1196 3327 eume
1317 3275 1462 3343 occurrere]

323 3378 452 3431 occupare
470 3362 497 3414 Ζ
627 3360 704 3414 facili
723 3361 862 3415 celeriteto
881 3375 927 3428 po,
945 3357 1082 3414 facilitate
1101 3360 1127 3412 Ζ
1259 3358 1275 3410 ‘l
1294 3357 1341 3428 sit]
1361 3359 1385 3411 si
1404 3358 1430 3411 Z

323 3450 435 3515 urgente
453 3465 490 3517 pc
603 3446 743 3514 uisiouep
859 3447 887 3498 et
905 3460 956 3498 ona.
976 3465 996 3512 μ
1108 3431 1157 3497 dni
1176 3445 1203 3497 Ζ
1327 3444 1390 3497 ets
1407 3445 1464 3496 sta·

321 3548 350 3586 ro
369 3533 396 3586 Ζ
526 3532 566 3601 et]
586 3535 614 3584 ot
631 3533 663 3584 nt
682 3532 708 3585 Ζ
846 3529 994 3584 dinosceris
1012 3530 1046 3594 Ζ,
1065 3528 1259 3598 dignoscereris
1278 3528 1342 3582 Bel.
1362 3543 1430 3582 ear

322 3619 340 3673 9
357 3617 388 3671 iu
405 3617 449 3673 dei
467 3617 612 3672 dilectione
631 3618 658 3670 Z
760 3616 825 3686 iem]
845 3633 898 3669 runo
917 3617 943 3669 Z
1046 3631 1122 3669 suam
1141 3630 1192 3668 ens.
1212 3615 1238 3668 Ζ
1341 3613 1463 3682 initiata]

322 3707 431 3757 memte
449 3705 475 3756 Z
587 3704 621 3757 10
638 3703 698 3771 snb]
718 3718 778 3757 cnm
797 3720 813 3756 n
924 3705 958 3756 11
976 3702 1186 3769 dedificauitque
1204 3701 1236 3763 Τ,
1254 3699 1392 3754 dedicauit
1410 3719 1430 3766 μ

325 3788 358 3842 12
376 3789 435 3843 dico
453 3806 502 3842 uos
520 3805 611 3842 seruos
629 3789 692 3856 Ζμυ
815 3787 849 3841 13
868 3786 938 3857 inde]
958 3787 1030 3840 idem
1048 3788 1075 3841 Z
1194 3787 1334 3840 martirem
1356 3785 1426 3854 ΤΖμ

325 3876 489 3929 sacerdotem
508 3877 534 3928 Ζ
677 3874 810 3928 electione
829 3874 873 3927 ΤΔ
1019 3888 1120 3941 magne
1137 3871 1260 3926 amicitia
1278 3871 1342 3925 Bal.
1362 3887 1431 3925 ece·

322 3964 365 4014 est
383 3976 432 4014 ons.
452 3961 480 4013 Z
565 3960 597 4013 14
615 3975 693 4028 quem
714 3959 750 4013 Te
844 3959 996 4026 porucnires
1015 3958 1073 4020 Τι’,
1090 3956 1249 4027 peruenias
1342 3957 1376 4011 15
1393 3955 1465 4010 chri·

324 4050 397 4099 mum
419 4048 445 4100 Τ
559 4047 593 4100 16
611 4045 718 4099 timoris
737 4047 853 4099 electum
873 4045 900 4097 Τ
1014 4043 1257 4098 remunerationem
1280 4042 1324 4107 Ρ,
1343 4057 1465 4095 remune-

324 4131 441 4185 rationis
459 4133 492 4198 Z,
511 4148 567 4186 rem
585 4131 748 4187 inhonorato
766 4137 777 4184 t
796 4131 828 4184 in
846 4146 901 4184 res.
1030 4127 1182 4198 destineris]
1202 4126 1231 4182 id
1249 4129 1292 4182 eet
1308 4127 1386 4181 iteris
1407 4128 1434 4183 T

323 4219 475 4289 praemium
492 4219 519 4271 Z
630 4218 663 4272 17
682 4216 782 4272 decreti
800 4216 867 4271 hora
884 4200 912 4270 'Z
1025 4215 1059 4269 19
1077 4216 1119 4269 est
1137 4230 1188 4268 om.
1209 4213 1245 4268 Zt
1356 4213 1393 4268 20
1410 4214 1468 4282 plc-

324 4303 368 4357 lris
387 4304 412 4358 Τ
412 4304 447 4358 Zt
553 4303 632 4358 illei
1306 4332 1309 4339 ·

569 4395 571 4400 .
1204 4391 1223 4450 9
1241 4392 1257 4426 .
