3720 4920
1273 347 1348 396 XXV

207 501 261 550 nes
282 482 377 551 modo
399 501 437 548 ex
460 481 519 548 hoo
540 482 634 548 modo
657 499 695 547 ex
715 481 772 547 illo
798 482 969 548 uetustiore
991 481 1073 547 libro
1096 481 1295 567 depromptas
1316 482 1350 547 in

207 596 331 661 textum
356 593 525 677 reciperem
551 612 667 659 nouam
691 592 840 678 effingens
865 594 1074 660 recensionem
1096 612 1176 676 quae
1195 612 1349 676 nusquam

208 705 340 785 exstitit
356 705 408 771 uel
422 705 506 771 inter
519 705 641 771 codIoes
651 705 683 769 et
693 704 795 770 aetate
810 706 842 770 et
856 705 1045 770 auctoritate
1059 722 1148 787 pares
1163 723 1263 769 unum
1277 723 1351 787 prae

210 817 321 884 ceteris
349 818 438 900 sequi
468 815 585 882 uellem
615 814 705 899 quasi
734 814 908 881 uersionem
938 833 957 880 a
986 813 1140 898 (lypriano
1169 814 1352 897 usurpatam

210 928 465 1011 repraesentaret.
488 925 662 1009 permultos
682 926 783 1009 igitur
803 923 897 990 huius
911 924 1013 991 libelli
1029 924 1150 991 codices
1164 924 1295 1008 inspexi,
1315 926 1353 990 nt

210 1055 309 1102 unum
329 1036 503 1102 inuenirem
525 1036 580 1120 qui
599 1035 851 1102 testimoniorum
871 1034 994 1100 textum
1008 1035 1049 1100 ad
1064 1035 1183 1100 certam
1197 1034 1355 1118 quandam

210 1147 326 1214 ueteris
350 1146 620 1231 interpretationis
645 1146 855 1213 recensionem
878 1145 1069 1231 castigatum
1092 1145 1231 1212 exhiberi
1255 1145 1355 1211 firmis

211 1256 337 1324 indiciis
362 1258 536 1341 sponderet.
568 1258 617 1322 est
641 1274 715 1322 uero
740 1256 787 1322 ita
813 1255 999 1340 conparatus
1026 1257 1121 1322 codex
1146 1256 1356 1322 bibliothecae

212 1366 406 1434 Sessorianae
419 1366 539 1447 LVIII,
561 1385 641 1432 saec.
657 1365 828 1432 vm-Ix
847 1363 902 1452 (cf.
917 1366 1142 1433 Reifferscheid
1157 1364 1356 1432 Bibliotheca

212 1481 297 1560 potr.
319 1476 375 1544 lat.
396 1476 469 1543 ital.
489 1497 520 1561 p.
539 1476 627 1563 129),
649 1479 704 1562 qui
715 1477 891 1564 Augustini
912 1478 995 1561 quod
1016 1477 1116 1544 fertum
1131 1476 1301 1559 Speratum
1316 1475 1357 1541 ab

214 1589 337 1674 Angelo
351 1589 436 1654 Maio
451 1589 486 1654 in
498 1587 593 1654 Patr.
608 1607 683 1654 nou.
699 1589 770 1655 bibl.
786 1589 892 1654 1201
907 1608 942 1655 eo
957 1589 1150 1670 descriptum
1166 1590 1199 1653 et
1210 1585 1357 1671 Cypriani

214 1701 280 1765 tres
293 1699 390 1765 libros
402 1699 458 1764 Ad
469 1697 647 1775 (latrinam
662 1700 716 1781 qui
730 1699 768 1764 de
782 1700 991 1764 scarabantia
1005 1697 1130 1763 Otaiatr'
1144 1697 1359 1763 inscribuntur

216 1811 363 1875 continet
387 1830 462 1876 nam
483 1830 520 1875 ex
541 1810 699 1876 constanti
721 1810 883 1892 utriusque
905 1810 1029 1874 libriin
1044 1809 1244 1892 grauioribus
1265 1808 1359 1873 rebus

216 1937 367 1986 consensu
382 1920 459 2002 quin
474 1921 579 1986 textus
594 1920 636 1985 ad
650 1921 767 1985 certam
782 1919 941 2002 quandam
956 1920 1073 1985 usuris
1089 1917 1360 2001 interpretationis

217 2030 427 2096 recensionem
447 2030 623 2114 castigatus
643 2031 688 2096 sit
708 2030 848 2095 dubitari
868 2030 986 2111 nequit.
1012 2048 1106 2111 quem
1126 2029 1266 2094 codicem
1289 2046 1361 2092 cum

217 2139 403 2221 prImarinm
418 2140 530 2206 ducem
546 2141 706 2225 eligerem,
722 2140 790 2206 eins
806 2140 923 2206 auxilio
933 2138 1204 2220 interpretationis
1213 2137 1362 2222 Cypriani

219 2250 378 2335 exemplar
398 2250 571 2335 genuinum
591 2250 717 2317 restitui
738 2269 827 2334 posse
843 2270 905 2316 non
918 2249 1041 2340 putaui,
1063 2249 1119 2314 sed
1134 2251 1171 2315 ut
1185 2249 1220 2314 id
1235 2248 1361 2314 facilius

222 2360 290 2426 fieri
311 2360 478 2442 aliquando
497 2363 613 2443 posset,
634 2362 661 2427 si
676 2362 747 2444 quis
767 2362 818 2427 uir
832 2363 977 2428 strenuus
992 2363 1025 2426 et
1040 2363 1152 2427 acutus
1167 2360 1363 2443 quaestiones

224 2470 297 2535 illas
322 2489 400 2553 quas
425 2471 565 2537 indicaui
589 2469 743 2537 Sabaterii
767 2474 907 2554 exemplo
930 2473 1092 2554 susceptas
1114 2468 1364 2553 pertractauerit,

224 2579 373 2646 lectiones
393 2581 536 2647 codicum
552 2583 580 2647 B
592 2583 618 2648 L
629 2582 665 2647 M
676 2583 719 2647 W
733 2601 809 2665 quos
824 2585 1020 2649 diuersarum
1035 2581 1252 2664 recensionem
1266 2581 1365 2646 testes

225 2710 293 2775 esse
308 2710 345 2758 ex
359 2693 558 2777 grauIssimis
579 2695 754 2761 multorum
773 2695 911 2760 locorum
933 2694 1151 2777 discrepantiis
1172 2692 1311 2775 apparet,
1332 2691 1366 2755 in

226 2802 461 2868 adnotationem
476 2803 619 2869 criticam
634 2798 746 2888 recepi.
762 2805 795 2868 in
811 2804 1029 2869 const'tnenda
1045 2819 1118 2866 uero
1135 2800 1251 2866 ueteris
1266 2802 1366 2865 inter·
1509 2813 1511 2817 ’

228 2913 326 2997 pretis
352 2913 492 2980 oratione
521 2914 697 3000 legentium
720 2914 937 2981 commoditati
960 2914 1107 2981 nonnihil
1131 2911 1368 2978 condonandum

228 3041 295 3088 esse
308 3026 396 3089 ratus
407 3042 468 3089 non
482 3027 584 3089 totam
594 3024 797 3107 prouincialis
808 3025 976 3090 latinitatis
989 3025 1224 3090 deformitatem
1237 3022 1367 3087 admIsi:

228 3151 327 3216 neque
342 3134 425 3199 euim
441 3135 501 3200 hae
511 3135 545 3200 in
556 3155 590 3201 re
601 3135 761 3219 explorata
775 3139 850 3202 sunt
865 3135 976 3201 omnia
994 3136 1135 3201 multum
1150 3135 1229 3201 scire
1243 3131 1370 3198 intersit

229 3262 306 3308 num
320 3244 413 3309 uetus
428 3245 488 3310 illa
501 3247 720 3328 interpretatio
731 3246 879 3312 Africana
893 3246 1051 3312 latinitate
1067 3246 1245 3328 comoripta
1262 3243 1370 3324 luent,

230 3354 263 3418 et
277 3354 305 3418 si
320 3353 387 3419 eius
407 3356 454 3420 rei
475 3360 558 3422 certe
574 3357 685 3422 insunt
699 3357 825 3436 indicia,
846 3376 999 3440 quaenam
1015 3357 1081 3422 sint
1096 3356 1272 3439 quibusque
1286 3353 1371 3418 notis

231 3464 383 3531 Afrorum
408 3465 621 3548 HIspanorum
648 3466 811 3533 Gallorum
836 3467 962 3550 propria
987 3466 1235 3550 distinguantur.
1265 3463 1371 3529 Wise·

232 3595 343 3644 manns
363 3576 454 3662 (Two
473 3577 578 3644 letters
597 3599 639 3644 ors
659 3598 739 3645 soona
750 3584 844 3661 parts
858 3581 895 3661 of
904 3579 954 3644 the
968 3584 1165 3658 controversy
1184 3576 1373 3656 conccraioq

233 3686 348 3754 atos.
362 3691 392 3769 5,
407 3696 430 3754 7
445 3691 503 3756 etc.
520 3690 554 3755 in
568 3689 898 3774 casaromaniana
913 3709 940 3755 a.
958 3689 1051 3755 1832.
1070 3689 1167 3767 1833)
1182 3689 1215 3752 in
1231 3705 1268 3752 ea
1277 3686 1374 3753 Afro·

234 3818 304 3865 rum
327 3818 503 3868 sermonem
526 3802 764 3885 deprehendisse
785 3802 846 3866 sibi
866 3801 953 3865 uisus
975 3801 1033 3884 est,
1059 3800 1168 3865 contra
1188 3799 1375 3883 argumenta

234 3910 450 3977 aWisemano
471 3913 596 3995 prolata
616 3913 697 3978 nihil
718 3915 822 3979 ualere
844 3911 942 3979 (lanis
964 3909 1043 3992 (Dic
1062 3909 1376 3993 Kircbcnqcseticbte

236 4040 296 4087 oon
317 4021 464 4104 sperae
491 4025 575 4090 1862
601 4023 619 4088 I
641 4043 671 4106 p.
694 4024 736 4090 86
757 4029 815 4107 sq.)
842 4023 1055 4091 demonstrare
1082 4022 1216 4088 studuit.
1244 4023 1284 4087 de
1303 4037 1377 4103 pro·

237 4132 382 4200 uincialis
403 4135 575 4201 latinitatis
595 4135 762 4220 generibus
776 4134 882 4199 nullus
898 4133 1114 4217 quaestionem
1128 4132 1223 4198 instit
1247 4132 1281 4197 't.
1303 4149 1377 4196 nam

237 4243 292 4325 qui
306 4263 405 4329 nuper
419 4245 458 4310 de
473 4244 601 4329 uulgari
615 4261 756 4311 sermone
771 4243 960 4327 scripserunt
974 4243 1258 4326 locupletissimam
1272 4260 1378 4307 rerum
