3720 4920
823 321 987 377 Carmine

527 481 611 541 Nunc
623 479 712 540 etiem
726 477 825 552 didici,
840 480 916 555 quod
931 481 961 539 te
978 494 1035 539 non
1049 464 1151 540 fecerii
1164 482 1244 541 aeus

528 583 584 644 Sed
598 585 650 642 tus
663 581 766 656 religio
781 582 905 653 coeluum,
921 580 1070 656 caligoque
1085 584 1194 640 remote

528 683 640 745 Gullics
654 683 694 743 sit
707 683 829 758 pedibus
844 683 925 742 molli
940 683 1074 743 redimite
1088 700 1205 760 papyro.

528 786 585 848 Bes
599 787 728 846 mirande
742 784 814 846 setis
830 784 997 860 deiectuque
1012 785 1135 845 culmine
1150 801 1275 846 summo:

463 891 506 951 25
526 890 558 950 Si
573 891 637 964 quis
652 889 689 947 ab
702 888 795 949 Isiaco
810 887 911 949 consul
926 889 1061 963 procedet
1075 887 1104 946 iu
1115 887 1224 962 urbem,

528 992 616 1053 Risus
631 992 690 1052 oris
705 991 776 1052 erit:
793 992 859 1065 quis
873 994 904 1049 te
918 1007 975 1050 nou
990 991 1083 1050 rideat
1097 993 1203 1063 eutem,

529 1095 585 1166 Qui
599 1093 690 1154 fueris
704 1091 815 1164 consul,
830 1110 906 1152 nunc
920 1091 1008 1152 Isidis
1022 1109 1085 1153 esse
1099 1091 1285 1152 ministrum?

529 1195 664 1271 Quodque
678 1195 769 1270 pudet
782 1195 884 1270 primo,
899 1197 928 1253 te
945 1211 1003 1253 uon
1017 1195 1105 1268 pudet
1119 1211 1184 1254 esse
1198 1194 1332 1266 secundo,

528 1297 737 1372 Ingeniumque
751 1300 833 1356 tuum
847 1298 950 1371 turpes
964 1297 1099 1356 damnem
1113 1312 1165 1371 per
1178 1297 1298 1371 hymnos

466 1401 510 1458 30
530 1398 731 1474 Respondeute
745 1398 801 1457 tibi
815 1398 903 1472 uulgo
918 1402 948 1458 et
961 1397 1106 1458 leceruute
1122 1401 1233 1471 secute

528 1501 626 1575 Teque
641 1502 723 1560 domo
738 1501 854 1574 propriu
868 1500 978 1574 pictum
994 1503 1058 1559 cum
1073 1499 1198 1559 fascibus
1208 1498 1286 1572 olim,

530 1602 612 1661 Nunc
626 1617 738 1676 quoque
752 1618 817 1661 cum
832 1600 920 1660 sistro
931 1599 1031 1660 faciem
1046 1603 1161 1674 pertore
1173 1600 1312 1659 minam.

530 1705 577 1763 An
591 1704 663 1764 haec
677 1703 850 1763 humilitus?
867 1705 911 1762 ost
924 1702 1100 1763 humilitatis
1115 1702 1220 1776 imago.

531 1805 659 1866 Aedibus
674 1804 726 1863 ille
740 1805 799 1864 tuis
814 1820 926 1877 sempor
940 1807 1123 1864 monuments
1136 1803 1301 1863 monebunt.

467 1909 508 1967 35
530 1909 636 1967 Rumor
649 1908 680 1965 et
695 1907 731 1964 ed
747 1909 859 1966 nostres
874 1906 1008 1979 peruenit
1022 1904 1155 1978 publicus
1170 1921 1253 1965 sums

528 2008 568 2069 Te
584 2007 706 2068 dixisse:
722 2008 784 2079 dea,
800 2008 905 2079 omui,
921 2007 1047 2081 ignosce,
1063 2007 1165 2067 rodini.

530 2111 584 2170 Dic
599 2111 670 2169 mihi
684 2110 711 2168 si
726 2109 834 2182 uuleus,
851 2128 916 2169 cum
930 2110 1003 2168 talia
1019 2126 1104 2183 saepe
1119 2125 1235 2182 rogares

528 2212 696 2270 streniam
711 2216 834 2285 peteres,
855 2228 927 2285 quae
942 2214 1037 2270 tecum
1051 2213 1140 2270 uerba
1154 2211 1249 2270 locutu
1263 2215 1331 2271 este

530 2313 604 2373 Vere
620 2316 714 2373 mente
730 2330 820 2385 cures,
836 2314 966 2386 sequeris
981 2313 1030 2388 qui
1045 2315 1139 2373 moute
1155 2317 1293 2374 mentes

469 2415 512 2475 40
532 2414 612 2474 Hesc
628 2414 732 2474 iterum
747 2413 856 2489 repetis
871 2430 925 2473 nec
938 2415 969 2473 te
984 2413 1148 2488 delinquere
1163 2414 1262 2474 sentis.

533 2515 607 2586 onir
621 2492 748 2576 uereere
763 2515 844 2576 uide:
867 2517 963 2575 minus
977 2532 1057 2576 esses
1071 2516 1146 2576 forte
1160 2518 1312 2590 notandus,

532 2618 562 2677 Si
577 2621 690 2677 tentum
705 2619 760 2678 hoc
774 2617 863 2678 scires
878 2621 909 2676 et
923 2616 954 2676 in
968 2619 1023 2677 hoc
1037 2634 1132 2678 errore
1147 2634 1292 2679 muneres:

529 2719 570 2777 Ac
583 2736 647 2778 cum
664 2720 804 2779 uericolec
819 2721 1017 2794 penetraueris
1032 2720 1107 2779 ostie
1121 2721 1196 2793 legis

531 2821 569 2880 Ei
583 2821 637 2880 cibi
652 2839 736 2882 nosse
751 2822 842 2880 Deum
855 2823 953 2895 paucis
967 2821 1132 2896 prouenerie
1146 2823 1242 2894 cunis,

467 2925 508 2983 45
531 2922 588 2981 Cur
602 2923 758 2998 linquendo
771 2926 854 2982 tenes
869 2927 921 2982 eut
938 2941 989 2982 cur
1004 2923 1153 2983 retinenda
1168 2924 1326 2997 relinquis?

531 3024 636 3098 Nilque
651 3026 732 3098 colis,
748 3027 815 3083 dum
830 3028 933 3085 cuncte
948 3025 1034 3086 colis:
1050 3042 1102 3085 nec
1117 3027 1200 3086 corde
1210 3031 1359 3098 retractes,

412 3344 445 3398 21
464 3342 547 3396 didici
565 3342 631 3406 ΡΗ,
647 3341 749 3396 diuise
875 3343 910 3395 23
927 3344 1020 3411 papiro
1038 3342 1075 3407 F,
1092 3343 1183 3412 pepire
1199 3344 1234 3396 H
1360 3345 1394 3398 24
1413 3346 1466 3397 cel·

343 3428 416 3482 mino
433 3427 468 3481 H
569 3427 605 3480 25
622 3426 759 3495 ebyseicco
777 3427 812 3490 F,
830 3426 864 3481 sb
882 3427 973 3480 isiacis
991 3445 1007 3482 o
1111 3427 1202 3482 orbem
1220 3427 1282 3482 ΡΗ
1378 3431 1413 3483 ‘26
1431 3432 1467 3482 ri·

344 3529 389 3568 sus
407 3515 461 3567 oris
479 3528 551 3567 corr.
569 3513 601 3567 in
617 3512 671 3566 oris
688 3513 758 3565 risus
777 3511 807 3566 F
822 3530 856 3565 oc
877 3515 905 3575 2,
922 3513 994 3566 risus
1013 3512 1087 3566 urbis
1103 3512 1171 3576 sort.
1291 3514 1326 3568 28
1343 3517 1421 3582 putet
1438 3518 1467 3569 ci

344 3597 431 3668 primo
448 3597 488 3651 F‘
623 3598 658 3651 29
674 3612 769 3665 ymnos
786 3596 849 3651 ΡΗ
983 3598 1016 3650 31
1036 3596 1143 3651 domum
1160 3599 1293 3667 proprium
1311 3600 1350 3666 H,
1367 3598 1465 3653 donum

344 3683 481 3753 proprium
498 3682 528 3737 F
624 3684 689 3737 olim
707 3683 772 3747 ΓΗ,
792 3685 887 3737 anteo
993 3682 1126 3752 3211ch
1144 3698 1208 3736 uum
1225 3681 1288 3736 ΡΗ
1391 3701 1466 3738 ceno

343 3769 467 3823 usmH'
558 3766 1076 3836 ffimhmcemmheecumFH
1175 3769 1467 3837 stampensem,

344 3851 425 3907 sedo
555 3853 643 3923 imago
661 3856 702 3906 eet
718 3851 782 3906 ΡΗ
911 3854 977 3908 haec
993 3856 1043 3907 tus
1060 3868 1112 3907 nou
1130 3855 1217 3921 pietus
1235 3857 1277 3908 est
1294 3856 1338 3910 sod
1355 3856 1467 3925 pictatis

345 3938 436 4008 imago
453 3940 521 3992 coeci
544 3938 632 3994 oxon.
759 3938 794 3992 36
811 3937 861 3992 des
879 3953 949 3992 corr.
967 3939 999 3992 in
1016 3939 1073 3992 dcis
1090 3938 1121 3992 F
1135 3943 1207 3992 Μ
1331 3942 1466 4009 ignoscere

345 4021 404 4076 diui
420 4022 498 4089 FH¹,
516 4024 646 4092 ignoscite
664 4024 722 4078 diui
740 4024 784 4078 H'
875 4024 908 4077 37
927 4023 970 4078 dic
986 4023 1023 4089 F,
1041 4024 1076 4079 de
1093 4026 1128 4079 H
1216 4026 1250 4080 39
1267 4029 1381 4082 carentis
1399 4028 1432 4082 H

344 4107 380 4163 48
396 4108 507 4173 iurieole
524 4112 556 4162 11
648 4109 683 4164 44
699 4109 852 4179 prouenerit
869 4109 935 4174 ΡΗ,
952 4110 1127 4165 accessoriis
1224 4112 1401 4182 451iqueudc
1418 4112 1466 4179 Ρ,

345 4194 519 4267 relinquendo
536 4196 571 4252 H
