3720 4920
594 363 641 416 De
658 361 833 417 duodecim
851 363 1007 417 ebusinis
1025 364 1158 418 saeculi
1176 381 1198 420 c.
1216 365 1293 420 5-6.
1449 373 1502 436 161

377 521 510 593 propriae
525 522 657 594 iniuriae,
674 524 724 582 sed
739 523 815 597 legis
825 524 878 581 Dei
890 523 1006 582 studeat
1019 526 1052 582 ut
1066 526 1220 583 metuatur.
1236 529 1387 598 propterea
1398 541 1509 599 quoqne

378 622 444 680 dum
459 623 544 682 multi
559 626 683 697 pendent
698 626 728 682 in
743 643 793 696 eo,
816 627 879 698 ipso
893 626 952 684 Deo
967 627 1123 684 adhaerere
1145 627 1230 685 debet
1246 627 1295 700 qni
1309 627 1392 686 illum
1407 628 1437 686 in
1454 628 1508 686 du·

377 727 472 783 catum
485 728 645 800 constituit,
662 727 712 800 qni
727 730 763 787 ad
778 731 917 801 portanda
931 727 1084 788 multorum
1096 746 1182 787 onera
1197 729 1291 803 ipsum
1306 729 1397 788 ueluti
1412 730 1509 789 fortio·

377 844 436 887 rem
451 829 596 890 solidauit.
613 831 739 904 paxillus
751 833 827 891 enim
841 832 899 891 nisi
914 833 985 890 berre
1000 831 1076 891 funus
1091 831 1212 891 firmiter
1226 831 1314 891 alicui
1329 832 1442 891 fortiori
1457 834 1508 891 ad·
1596 838 1598 842 “

358 929 512 1002 chaereat,
528 949 610 991 omne
626 935 701 1006 quod
716 935 746 992 in
761 951 794 993 eo
809 936 915 1007 pendet
936 936 992 993 cito
1012 935 1121 993 labitur
1135 936 1165 992 et
1180 935 1243 1006 ipse
1258 934 1371 993 solutus
1384 951 1403 993 a
1417 934 1511 1007 rigore

379 1049 447 1091 suae
463 1032 609 1094 firmitatis
623 1054 687 1094 cum
704 1037 837 1096 oneribus
853 1039 888 1096 ad
903 1040 1010 1097 terram
1025 1038 1188 1096 delabitur:
1205 1037 1247 1095 sic
1262 1039 1292 1096 et
1307 1037 1440 1110 princeps
1454 1036 1512 1095 nisi

379 1151 430 1194 eno
445 1137 586 1195 conditori
601 1139 787 1210 pertinaciter
802 1140 975 1209 adhaeserit,
992 1143 1022 1197 et
1032 1140 1094 1211 ipse
1109 1142 1139 1197 et
1154 1139 1247 1197 omnis
1262 1138 1312 1211 qui
1329 1138 1355 1197 ei
1371 1140 1513 1197 consentit

378 1237 435 1297 cito
451 1239 571 1311 deperit.
594 1239 709 1314 quidam
724 1258 846 1313 namque
860 1259 911 1315 per
926 1242 1089 1301 dominandi
1110 1241 1234 1301 cilicium
1249 1239 1372 1300 solidius
1386 1241 1445 1300 Deo
1460 1241 1511 1299 ad·

378 1340 588 1412 propinquant,
615 1343 730 1414 quidam
744 1342 869 1416 inposito
885 1343 940 1400 sibi
961 1344 1112 1416 diguitatis
1131 1343 1247 1401 bonore*
1261 1343 1415 1402 deteriores
1430 1341 1512 1400 flunt.

344 1453 370 1493 io
379 1440 493 1514 Moyses
519 1442 595 1502 onim
614 1447 731 1517 accepto
757 1446 861 1504 ducatu
888 1445 1060 1503 familiarius
1074 1445 1128 1503 Dei
1153 1444 1347 1504 locutionibus
1362 1445 1512 1503 utebatur:

379 1541 447 1601 Saul
470 1560 538 1602 uero
553 1544 631 1602 filius
646 1545 694 1604 Cis
708 1549 858 1619 postquam
874 1552 990 1619 sceptra
1000 1548 1083 1620 regni
1095 1548 1240 1619 suscepit,
1262 1563 1313 1619 per
1327 1545 1512 1605 inoboedien-

378 1641 438 1701 tiae
453 1644 619 1715 superbiam
633 1646 723 1704 Deum
740 1647 868 1706 offendit.
880 1665 930 1706 ron
946 1647 1078 1706 Salomon
1093 1651 1245 1722 postquam
1260 1647 1353 1722 patris
1365 1647 1411 1706 sui
1422 1647 1515 1706 Dauid

379 1746 474 1804 sedem
490 1747 630 1820 optinuit,
647 1748 724 1807 Deus
739 1748 820 1807 illum
835 1750 913 1807 ultra
928 1765 1024 1808 omnes
1042 1750 1177 1808 mortales
1193 1752 1274 1808 uelut
1289 1751 1517 1808 ad'innnnuerosi

378 1848 478 1921 populi
490 1850 726 1922 gubernationem
738 1851 896 1923 sapientiae
908 1868 1022 1909 munere
1032 1850 1165 1909 donauit:
1181 1868 1196 1909 e
1212 1852 1354 1910 contrario
1367 1869 1433 1911 uero
1443 1850 1515 1909 Hie·

346 1963 371 2002 1³
381 1951 496 2009 roboam
508 1968 610 2021 seruus
622 1951 789 2022 Salomonis,
802 1955 951 2026 postquam
963 1953 1044 2025 regni
1055 1953 1156 2011 domus
1168 1952 1262 2011 Dauid
1271 1956 1383 2026 partem
1396 1953 1516 2027 accepit,

380 2051 417 2110 ad
432 2052 571 2111 idolorum
593 2051 701 2111 cultum
717 2056 812 2113 decem
827 2054 920 2112 tribus
936 2055 1027 2112 lsrael
1043 2072 1115 2127 quae
1131 2058 1212 2113 crant
1227 2053 1258 2111 in
1272 2057 1355 2126 parte
1371 2054 1516 2112 Samariae

381 2153 514 2211 adtraxit.
530 2171 581 2225 per
596 2171 669 2227 qnae
681 2155 809 2227 exempla
822 2156 969 2213 euidenter
984 2157 1145 2213 ostenditur
1157 2156 1296 2229 quosdam
1311 2156 1341 2214 in
1357 2154 1516 2214 sublimiori

381 2258 459 2313 statu
475 2258 511 2313 ad
524 2257 658 2316 maiorem
672 2258 873 2330 perlectionem
886 2275 1028 2329 crescere,
1044 2260 1182 2331 quosdam
1193 2275 1259 2316 uero
1272 2274 1323 2331 per
1334 2258 1518 2330 supercilium

382 2358 584 2416 dominationis
599 2361 636 2418 ad
652 2359 794 2418 deteriora
808 2361 940 2418 defluere.
956 2377 1007 2433 per
1022 2362 1097 2433 qnod
1111 2363 1262 2433 utrumque
1278 2360 1459 2434 intellegitur
1471 2377 1519 2420 eos

347 2473 373 2514 co
382 2461 432 2533 qni
447 2462 484 2517 ad
498 2460 618 2520 meliora
633 2463 826 2520 conscendunt
840 2479 892 2534 por
908 2462 1042 2520 uirtutem
1057 2463 1145 2521 animi
1169 2467 1198 2520 et
1211 2463 1265 2520 Dei
1281 2461 1419 2521 auxilium
1434 2479 1519 2534 posse

382 2561 411 2620 id
427 2561 520 2620 facore
535 2564 564 2619 et
580 2579 628 2621 cos
654 2564 703 2635 qui
719 2563 756 2622 ad
771 2563 912 2622 deteriora
927 2565 1081 2649 deuertunt
1107 2563 1278 2635 permeatis
1298 2562 1517 2623 inbecillitatem

382 2663 492 2735 pariter
508 2665 537 2721 et
552 2663 764 2737 neglegentiam
780 2681 883 2723 errare.
908 2666 980 2722 undo
995 2654 1127 2724 dominus
1142 2665 1248 2738 absque
1264 2665 1371 2723 uirtute
1386 2664 1450 2723 fieri
1464 2682 1520 2723 non

385 2765 479 2834 debet,
503 2783 590 2838 qnam
612 2767 750 2823 uirtutem
764 2765 827 2824 sine
847 2766 900 2823 Ilei
921 2766 1028 2824 auxilio
1044 2766 1209 2824 nullatcnus
1230 2767 1327 2824 habet.
1350 2765 1400 2838 qni
1414 2767 1520 2824 etenim

384 2866 476 2925 multa
491 2870 598 2937 tuetur,
615 2868 641 2925 si
656 2868 815 2926 nonhabet
830 2867 1039 2939 fortitudinem,
1062 2886 1119 2927 non
1136 2869 1215 2926 ualet
1230 2868 1260 2925 id
1275 2885 1371 2941 agero,
1386 2868 1519 2941 qnoniam

453 3140 607 3208 2pendent
627 3142 651 3193 G
669 3141 702 3193 do
719 3142 750 3194 ia
767 3157 822 3194 ras.
928 3141 1124 3208 3portandum
1147 3141 1173 3194 V
1274 3141 1377 3195 iiixus
1395 3138 1521 3207 firmiter}

386 3228 493 3281 fortiter
510 3227 634 3280 firmetur
651 3230 713 3280 eto
818 3227 901 3281 alicui
921 3227 1038 3294 lortiori]
1058 3226 1156 3294 parieti
1174 3226 1205 3279 X
1309 3226 1326 3277 5
1343 3227 1439 3278 hereat
1458 3225 1488 3277 X

386 3313 480 3381 pendit
500 3315 537 3365 6¹
673 3314 786 3381 solutus]
806 3313 879 3365 solus
898 3313 927 3365 X
1065 3312 1080 3363 'l
1100 3327 1191 3364 omnes
1213 3311 1283 3363 (ΡΧ
1422 3311 1469 3376 qni
1486 3309 1521 3378 ei]

385 3398 491 3467 quode
613 3398 757 3466 consentit]
776 3398 906 3450 adherent
924 3397 961 3461 X,
980 3397 1135 3451 continete
1257 3396 1439 3464 8deperennt
1458 3394 1489 3447 X

386 3486 503 3539 officium
523 3486 547 3537 G
566 3501 586 3536 s.
606 3485 622 3537 i.
642 3501 676 3538 m.
696 3487 723 3547 2,
743 3487 906 3552 potestatem
929 3484 955 3536 V
1049 3481 1288 3550 eolidin81pluso
1388 3480 1423 3533 10
1440 3479 1522 3547 enim]

385 3587 501 3640 namque
523 3570 563 3625 Vo
643 3569 737 3638 populi
755 3569 888 3623 ducatus
974 3567 1103 3621 utebatur
1122 3567 1301 3620 locutionibus
1324 3565 1350 3618 V
1432 3565 1466 3618 11
1485 3565 1524 3618 cis

387 3673 423 3711 ex
440 3658 492 3710 scis
514 3657 540 3709 V
647 3658 767 3722 screptra
788 3657 836 3718 G¹3
855 3655 931 3722 regni
949 3657 1082 3722 sceptrum
1101 3653 1132 3705 X
1243 3652 1277 3705 13
1295 3650 1424 3719 optinuit]
1443 3650 1522 3703 deum

387 3743 500 3797 offendit
523 3742 589 3795 odd.
612 3740 698 3795 GXV
832 3740 967 3793 numerosi
987 3740 1017 3792 X
1156 3740 1190 3792 14
1213 3737 1334 3806 donauit]
1354 3736 1489 3791 ditauitv

388 3829 421 3883 15
439 3828 535 3882 domus
553 3827 579 3880 d.
597 3830 702 3896 partem
721 3826 825 3892 accepit
846 3827 906 3889 GV,
930 3826 1044 3878 sortitus
1062 3828 1105 3877 est
1122 3824 1304 3894 gubernacula
1323 3824 1360 3881 X.
1385 3822 1479 3876 domus
1497 3820 1523 3874 d.

387 3914 531 3983 occupauit
548 3915 687 3981 partums
779 3913 813 3965 16
831 3910 964 3964 culturam
986 3911 1013 3964 V
1104 3911 1136 3963 ll
1156 3911 1286 3978 adtraxit]
1306 3910 1488 3962 diuerterato

388 4000 525 4053 euidenter
542 4014 593 4050 om.
611 3998 642 4049 X
747 3996 781 4050 19
799 3996 995 4049 dominationes
1015 3996 1051 4047 0¹
1163 3995 1197 4046 20
1215 3993 1249 4047 ad
1268 3994 1379 4046 meliora
1397 3990 1490 4060 qniV

389 4084 583 4140 transcendunt
600 4100 617 4138 o
709 4097 756 4149 per
774 4068 820 4134 dni
839 4081 969 4135 auxilium
987 4084 1015 4134 et
1032 4081 1137 4134 uirtute
1155 4081 1240 4133 animi
1259 4080 1289 4132 X
1378 4079 1412 4132 21
1431 4077 1523 4131 deuer-

389 4177 484 4227 tnntur
506 4171 546 4224 Va
656 4169 690 4220 22
708 4168 842 4237 dominus]
861 4170 890 4220 et
906 4168 1043 4220 dominum
1061 4185 1079 4220 o
1187 4167 1223 4218 23
1240 4164 1321 4218 debet
1338 4164 1431 4233 qnam]
1448 4162 1524 4216 decet

390 4259 436 4328 qui
454 4275 472 4312 o
575 4257 611 4310 24
628 4253 819 4309 fortitudinem
836 4253 956 4307 animia
1058 4251 1087 4305 id
1105 4268 1186 4321 agere
1204 4251 1325 4305 naletV

493 4362 576 4409 ma
1277 4345 1315 4402 ll
