3720 4920
612 352 657 407 De
674 349 853 406 duodecim
870 350 1025 408 ebusiuie
1042 353 1175 409 saeculi
1192 371 1215 409 c.
1234 354 1274 410 10.
1448 361 1510 429 169

377 509 435 570 nel
457 511 546 570 duos
568 512 702 584 testes,
735 513 774 570 nt
806 511 842 570 in
864 529 923 571 ore
953 512 1103 572 duorum
1125 515 1277 574 testium
1306 517 1369 575 uel
1397 517 1511 577 trium

377 615 453 674 stet
475 631 576 675 omne
599 615 760 673 uerbum:
784 614 816 672 si
838 614 929 675 illos
951 617 1213 691 nonaudierit,
1236 619 1510 679 dicecclesiac:

378 714 409 774 si
431 716 631 775 ecclesiam
664 735 731 776 non
753 716 934 789 audierit,
968 719 1020 777 sit
1051 720 1124 779 tibi
1155 721 1256 780 sicut
1282 723 1456 782 ethnicus
1477 726 1513 782 et

376 818 609 891 publicanus.
639 818 692 876 tali
719 820 819 878 ordine
859 820 1043 893 expellendus
1069 827 1114 881 est
1140 823 1189 897 qui
1211 824 1377 899 cuicumque
1404 823 1514 884 doctori

356 920 424 979 euel
440 919 574 994 episcopo
588 921 742 980 adhaerere
756 921 890 981 noluerit.
918 926 948 981 et
963 916 1012 996 qni
1027 923 1079 982 tali
1094 926 1191 984 ordine
1209 925 1345 999 expulsus
1367 926 1456 985 luerit
1476 927 1514 985 ab

378 1021 435 1080 ulio
451 1022 547 1095 eliquo
562 1024 675 1082 doctore
691 1023 752 1081 siue
763 1023 895 1096 episcopo
910 1023 999 1098 recipi
1013 1043 1070 1084 non
1082 1027 1175 1085 debet.
1192 1027 1226 1086 de
1249 1028 1397 1087 sacerdote
1409 1028 1440 1086 in
1450 1028 1515 1101 lege

378 1123 532 1183 scribitur:
562 1124 709 1183 niduern
738 1128 800 1183 aut
828 1127 1063 1198 repudiatam
1090 1145 1159 1186 non
1180 1128 1513 1202 accipietnxorem.

378 1226 428 1300 qni
454 1243 522 1299 ergo
548 1227 822 1293 excommunicatum
851 1229 1029 1289 acatholico
1056 1230 1106 1289 illo
1133 1247 1189 1289 non
1204 1230 1389 1304 permittente
1411 1230 1515 1304 recipit

378 1331 479 1389 contra
494 1329 652 1403 scripturae
669 1330 857 1405 statutangit
872 1349 905 1391 uc
920 1331 983 1412 iura
998 1333 1091 1392 suncti
1107 1331 1270 1405 sacerdotii,
1293 1333 1323 1390 in
1338 1334 1414 1407 quod
1430 1333 1513 1391 chri-

345 1431 538 1490 rostianornrn
552 1447 644 1504 genus
659 1431 782 1491 electum
797 1435 861 1503 est,
887 1433 1008 1491 excedit.
1039 1435 1092 1491 hac
1107 1434 1217 1492 ratione
1232 1435 1395 1507 episcopum
1411 1436 1448 1493 ad
1464 1451 1513 1493 eos

380 1533 484 1606 quibus
506 1532 537 1591 in
557 1534 752 1606 speculatione
768 1535 880 1607 positus
895 1539 941 1593 ost
955 1550 1017 1594 esse
1038 1538 1160 1609 oportet.
1183 1538 1310 1595 ceterum
1331 1554 1398 1596 nero
1420 1537 1514 1609 qualis

379 1635 410 1692 in
425 1638 517 1693 semet
530 1636 593 1707 ipso
608 1652 671 1693 esso
699 1636 801 1694 debeat
826 1637 933 1693 Paulus
948 1638 1095 1709 apostolus
1111 1638 1242 1710 exponit,
1272 1639 1306 1694 ut
1328 1638 1365 1694 ad
1394 1637 1515 1710 gradum

379 1736 517 1809 episcopii
533 1737 650 1796 ueniens
677 1737 718 1794 sit
733 1737 845 1795 sobrius
866 1738 990 1810 prudens
1010 1740 1107 1796 cestus
1123 1738 1239 1811 sapiens
1253 1739 1400 1796 modestus
1416 1738 1515 1811 hospi-

378 1838 458 1909 talis,
481 1838 557 1896 filios
572 1839 682 1896 habens
697 1839 831 1898 subditos
846 1857 909 1896 cnm
925 1839 1002 1897 omni
1016 1840 1166 1910 castitate,
1190 1839 1386 1898 testimonium
1405 1840 1516 1898 habens

263 1953 271 1968 ·
346 1940 486 1999 rebonum
502 1941 539 1998 ab
553 1938 601 1997 his
616 1939 664 2013 qui
680 1939 752 1997 ioris
767 1942 850 2010 sunt,
878 1939 1041 2012 praeferens
1064 1941 1256 1999 doctrinarum
1271 1941 1384 1999 fidelem
1406 1959 1514 2001 sermo·

380 2044 551 2112 normanie
581 2042 776 2114 episcopatum
807 2058 863 2099 non
887 2041 953 2114 plus
977 2059 1061 2115 quarn
1083 2059 1167 2100 unam
1183 2042 1293 2100 habens
1308 2059 1435 2101 uxorem.
1458 2059 1516 2101 uon

380 2162 550 2220 percussor,
585 2161 642 2202 non
668 2144 821 2217 bilinguis,
856 2162 913 2202 non
936 2144 1079 2214 citiusne,
1113 2161 1169 2201 non
1194 2146 1370 2217 neophytus,
1405 2145 1439 2201 ut
1463 2160 1516 2217 per

380 2247 453 2307 haec
464 2248 525 2320 ipse
539 2246 621 2320 prius
633 2247 764 2304 ostendat
776 2246 901 2318 inopere
913 2246 989 2318 qnod
999 2244 1072 2305 alios
1084 2246 1167 2304 docet
1178 2244 1206 2303 iu
1219 2232 1514 2304 sermonenocesnae.

382 2352 504 2408 caueant
518 2365 587 2422 ergo
601 2347 789 2421 neglegentes
804 2347 946 2420 episcopi,
976 2348 1050 2419 quod
1066 2346 1096 2403 in
1110 2351 1237 2418 tempore
1256 2347 1401 2405 uindictae
1416 2345 1515 2404 Domi-

346 2467 439 2509 eonus
453 2467 504 2523 per
521 2451 691 2523 prophetam
706 2448 905 2522 conqueritur:
933 2450 1101 2520 pastores
1122 2447 1214 2506 muti
1236 2446 1409 2506 demoliti
1430 2449 1517 2505 sunt

381 2553 551 2625 populum
586 2569 714 2621 meum,
751 2553 788 2609 et
824 2567 892 2608 non
929 2551 1129 2623 pascebant
1164 2551 1335 2621 pastores
1372 2565 1516 2621 gregem

381 2670 505 2724 meum,
535 2653 598 2711 sed
627 2652 829 2725 poscebant
858 2655 1028 2725 pastores
1056 2652 1171 2710 semet
1199 2651 1314 2724 ipsos,
1337 2651 1388 2709 sed
1418 2650 1515 2723 potius

452 2852 468 2904 7
485 2851 549 2904 Len.
566 2851 610 2912 21,
631 2851 671 2903 14.
776 2848 812 2902 20
829 2848 875 2902 Eu.
893 2848 936 2912 34,
955 2847 981 2900 2.

451 3056 466 3107 1
485 3057 569 3107 testes
588 3069 638 3106 cen.
661 3052 693 3117 6,
714 3053 812 3105 iratres
837 3052 862 3103 V
971 3050 1015 3104 uel
1033 3049 1116 3101 trium
1136 3048 1249 3101 testium
1267 3048 1339 3101 XVu
1446 3047 1516 3115 2si]

383 3139 453 3209 quod
472 3140 495 3192 si
513 3140 543 3191 Χ
627 3139 659 3207 si]
679 3139 702 3190 si
721 3141 812 3190 autem
830 3136 887 3188 XV
970 3135 1188 3188 acconensium
1207 3137 1239 3186 X
1325 3132 1432 3186 ethicus
1456 3130 1483 3184 G

381 3225 400 3278 4
418 3224 578 3292 quicumque
592 3223 662 3275 XVo
765 3223 782 3275 5
801 3220 918 3273 nolucrit
936 3235 986 3272 om.
1004 3219 1050 3281 0¹,
1068 3218 1234 3286 contempnit
1250 3218 1320 3271 (ΡΧ
1422 3216 1518 3284 fucrit]

382 3313 425 3362 est
442 3311 471 3360 X
608 3309 625 3361 6
644 3307 700 3360 alio
718 3323 768 3360 orn.
792 3306 848 3358 GV
978 3305 1070 3370 aliquo
1087 3320 1138 3356 orn.
1158 3305 1191 3355 X
1317 3302 1385 3371 siue}
1406 3301 1449 3354 uel
1467 3316 1485 3353 o

382 3410 437 3448 non
455 3393 535 3447 debet
552 3393 636 3461 recipi
653 3410 671 3446 o
784 3405 901 3457 numque
919 3390 1048 3457 scripturn
1067 3389 1156 3441 estin
1174 3388 1234 3457 lege
1251 3404 1269 3441 u
1382 3388 1398 3440 7
1417 3387 1465 3438 eut
1483 3400 1520 3440 ea

384 3483 476 3533 autem
499 3478 525 3532 θ
636 3477 786 3544 accipiato
905 3474 1013 3543 Serge]
1033 3474 1111 3526 illum
1130 3472 1230 3527 addo
1350 3471 1449 3540 recipit
1467 3487 1518 3525 om.

388 3564 463 3627 0¹1¹,
489 3563 544 3617 sibi
566 3563 691 3630 iungite
875 3560 1005 3614 licentra
1027 3558 1175 3626 scripturae
1199 3575 1220 3610 s.
1248 3557 1309 3627 egit
1326 3574 1378 3611 om.
1400 3556 1485 3611 G¹Vu

384 3665 417 3703 ae
434 3650 495 3702 iure
511 3648 617 3715 scripsi
637 3646 735 3699 bucina
746 3647 788 3698 ira
804 3646 836 3708 V,
853 3644 951 3698 bucina
962 3644 1003 3696 ira
1019 3643 1057 3708 0,
1070 3660 1112 3697 ec.
1123 3681 1129 3692 .
1141 3642 1257 3697 excedit
1273 3659 1323 3698 oco.
1336 3644 1365 3695 Χ
1432 3657 1519 3695 secer·

383 3735 442 3790 doti
460 3735 489 3788 in
507 3735 535 3787 iu
554 3732 625 3802 quod
647 3732 680 3795 0,
698 3731 840 3785 sacerdotii
858 3732 886 3784 in
906 3746 993 3798 queo
1080 3730 1113 3783 10
1130 3745 1215 3798 genus
1232 3744 1283 3782 om.
1307 3727 1364 3782 GV
1448 3726 1517 3783 elec·

383 3824 430 3876 tus
452 3821 509 3875 GV
615 3806 661 3887 eps
683 3818 710 3872 V
821 3817 854 3868 11
873 3815 1082 3883 speculationem
1099 3831 1117 3868 o
1225 3812 1393 3881 praepositus
1416 3811 1488 3865 (ΡΧ

384 3908 419 3961 13
436 3894 479 3974 epi
502 3905 554 3959 GX
697 3904 731 3957 15
748 3901 886 3971 proferens
904 3917 920 3954 o
1061 3897 1213 3951 doctrinam
1231 3897 1294 3957 XV,
1313 3895 1450 3950 doctrinee
1469 3912 1486 3949 o

384 3993 418 4046 16
436 3995 500 4046 ante
518 3991 569 4059 ep]
587 3993 732 4058 antequam
749 3987 890 4056 episcopus
908 3985 981 4040 sito
1083 4000 1138 4037 non
1155 3984 1246 4052 plures
1269 3982 1310 4036 Vc
1418 3980 1520 4035 habeus

384 4093 479 4131 uxores
497 4092 579 4143 quem
597 4091 678 4128 unam
701 4074 742 4127 Vo
862 4073 897 4124 18
915 4071 989 4138 prius
1007 4085 1057 4124 om.
1075 4071 1124 4123 Xo
1235 4066 1330 4120 doceat
1352 4066 1379 4119 V
1490 4067 1519 4119 in

385 4178 435 4217 om.
458 4161 529 4216 (ΡΧ
629 4159 666 4213 20
682 4158 854 4225 conqueritur
871 4156 960 4210 dicens
981 4155 1020 4208 Vo
1127 4153 1198 4207 muti
1214 4168 1265 4207 orn.
1289 4151 1360 4206 (ΡΧ
1463 4166 1520 4206 mo·

384 4247 431 4301 liti
453 4245 523 4301 0¹1¹
648 4245 683 4297 21
702 4246 822 4311 posterea
839 4258 927 4297 oeno
1051 4241 1224 4308 reposceres
1242 4237 1290 4291 sed
1307 4237 1451 4306 pascebant
1468 4254 1486 4291 o
