3720 4920
394 332 507 381 LXXVI

394 465 451 532 iie's
473 473 501 532 et
523 468 699 551 suneptsbue
719 469 868 553 nopistri
887 466 1084 535 Bereeous
1104 468 1279 536 Rembott
1301 465 1515 533 &Ioannis

393 579 612 646 ovaterloes
627 580 905 664 ooboprupbonen
914 579 1170 662 peritissimorum
1186 600 1224 645 ue
1240 578 1515 644 uraeesinenen

394 688 560 757 collecta
574 695 608 757 et
622 675 833 774 inpressu:
847 709 980 772 quonum
994 689 1143 757 diunuio
1155 691 1261 775 fronte
1274 686 1414 771 sequenti
1427 691 1516 752 notu·

394 804 459 867 tur.
474 801 521 867 ibi
535 817 609 867 nero
623 802 809 885 opuseulum
827 800 1022 867 Cordinaiiu
1041 799 1151 867 Unisti
1165 821 1260 882 opero
1273 802 1413 883 primum
1426 799 1517 882 poni·

394 911 458 992 tur,
482 913 564 996 qnod
584 912 618 978 in
633 912 768 978 editione
783 933 803 979 a
816 912 945 996 reliquis
968 913 1133 997 separatum
1154 913 1242 980 feliis
1266 910 1404 978 numeris
1424 910 1515 975 nonis

395 1023 559 1088 instructis
579 1022 760 1087 I-XXXV
781 1026 974 1105 postremum
998 1023 1158 1104 exhibtnr,
1180 1043 1237 1089 nee
1259 1023 1293 1087 in
1315 1020 1444 1104 reliquis
1466 1019 1519 1085 hie

353 1203 356 1209 ,
396 1131 489 1197 index
504 1132 692 1216 scriptorum
707 1133 809 1199 ordini
824 1133 997 1216 respondet.
1016 1130 1275 1200 Sohonemannns
1291 1132 1342 1198 eui
1356 1131 1517 1215 integrum

397 1241 545 1308 editionis
566 1244 724 1326 exemplar
744 1260 804 1308 non
824 1245 946 1325 praesto
967 1244 1049 1308 esset
1069 1245 1177 1310 ernnit
1197 1243 1232 1327 (l.
1253 1261 1280 1308 e.
1301 1262 1331 1325 p.
1355 1240 1443 1325 114).
1468 1241 1519 1304 in·

397 1353 500 1420 dicem
515 1353 675 1437 excipiunt
688 1353 818 1419 Roberti
830 1354 995 1419 Fortunati
1010 1352 1154 1437 praelatio
1164 1355 1205 1420 ad
1214 1353 1380 1419 Ruricium
1390 1352 1518 1417 Blesen·

397 1467 465 1526 sem
487 1464 672 1540 senatorem,
695 1462 730 1526 in
744 1480 815 1544 qna,
837 1481 909 1528 oum
931 1462 998 1543 ipse
1020 1461 1113 1527 rebus
1122 1461 1335 1529 familiaribus
1349 1462 1518 1544 oeenpatus

399 1569 547 1655 Cypriani
572 1590 665 1654 opera
690 1588 904 1655 recognoscere
917 1589 986 1658 non
1007 1573 1122 1653 posset,
1137 1571 1347 1640 Gnilielmnm
1369 1571 1519 1635 Potetum

262 1692 268 1704 ’
398 1681 600 1747 Bisontinum
619 1700 698 1762 opus
718 1682 846 1764 insipne
865 1680 1009 1764 euenisse
1023 1683 1205 1747 mmouusse
1218 1686 1247 1745 et
1261 1670 1522 1745 annotationsbus

399 1791 588 1872 quibeeodum
624 1811 688 1854 nen
723 1790 919 1874 noplipends‘s
953 1790 1143 1871 locorumque
1167 1791 1298 1856 Bibliue
1326 1794 1355 1855 et
1384 1789 1521 1855 ule'oruns

400 1900 604 1966 eitots'onnbus
618 1900 662 1965 ad
672 1900 849 1983 nerninem
857 1901 1046 1981 perpulchro
1059 1901 1208 1984 multoque
1222 1922 1294 1967 oum
1308 1901 1412 1966 lubere
1425 1900 1524 1964 denu-

399 2011 485 2075 uiese
507 2014 625 2092 narrat,
647 2011 753 2076 Poteti
770 2012 810 2075 ad
824 2012 972 2077 lectorem
993 2029 1127 2088 sarman,
1151 2013 1232 2077 Hier.
1248 2011 1418 2075 Alexandri
1439 2010 1519 2093 prof.

400 2120 502 2187 Paris.
526 2140 651 2187 carmon
671 2122 705 2186 in
720 2121 1018 2187 commendationem
1039 2120 1228 2203 impreueris
1243 2119 1412 2198 Rembelti‚
1436 2139 1526 2202 prae-

402 2229 481 2295 fatio
504 2230 650 2295 editionis
670 2229 808 2294 Venetae
829 2249 858 2296 a.
881 2229 973 2307 1483,
997 2230 1175 2313 Hieronym'
1197 2233 1230 2296 et
1248 2229 1407 2296 Laetantii
1431 2229 1524 2293 testi·

401 2339 514 2416 monia,
542 2339 634 2405 index
661 2358 773 2404 rernm.
801 2340 925 2424 singula
949 2356 1042 2422 opera
1063 2357 1100 2404 ex
1122 2338 1224 2406 eadem
1250 2340 1385 2405 editione
1405 2338 1525 2403 Veneta

401 2449 536 2532 repetita
556 2449 589 2514 in
604 2465 722 2514 nouum
742 2448 882 2514 ordinem
902 2448 1027 2515 redacta
1047 2449 1131 2526 snnt,
1154 2450 1196 2516 ita
1210 2451 1247 2514 ut
1261 2449 1400 2531 primum
1420 2447 1523 2513 locum

401 2559 565 2625 obtineant
588 2560 741 2645 epistulae
760 2561 794 2625 in
815 2561 962 2643 quattuor
982 2558 1079 2626 libros
1103 2560 1227 2639 diuae,
1255 2576 1387 2643 qnorum
1407 2559 1527 2640 primus

402 2669 541 2734 eontinet
566 2671 719 2752 epistulas
742 2669 795 2735 60.
816 2670 868 2735 57.
889 2671 941 2736 59.
962 2670 1014 2734 67.
1038 2671 1088 2735 13.
1110 2670 1161 2735 69.
1182 2671 1231 2737 65.
1252 2670 1306 2734 43.
1329 2671 1357 2732 1.
1378 2668 1409 2732 2.
1424 2668 1454 2731 4.
1475 2667 1525 2732 70.

400 2779 482 2844 alter
496 2779 547 2859 72,
563 2778 706 2844 libellum
716 2778 771 2843 Ad
782 2780 955 2859 Donatum,
970 2779 1119 2863 epistulae
1134 2780 1185 2846 63.
1200 2781 1250 2846 37.
1266 2779 1318 2845 38.
1336 2777 1386 2842 10.
1403 2777 1454 2842 30.
1470 2777 1522 2843 52.

401 2888 455 2955 47.
475 2888 529 2955 45.
544 2889 597 2953 44.
613 2889 666 2966 51,
688 2889 802 2954 tertius
822 2889 874 2954 61.
888 2889 941 2954 46.
957 2889 1009 2955 54.
1025 2889 1078 2954 32.
1092 2889 1145 2954 20.
1163 2889 1210 2954 12.
1227 2889 1277 2954 78.
1293 2887 1346 2952 64.
1361 2888 1393 2953 3.
1410 2889 1459 2951 14.
1474 2887 1528 2952 49.

401 2997 455 3064 50.
477 2999 529 3063 68.
552 2999 604 3062 53.
623 2998 673 3063 16.
692 2998 743 3064 15.
762 2998 812 3064 17.
830 2998 880 3064 18.
897 2999 946 3063 19.
963 2999 1016 3065 26.
1031 2999 1084 3065 25.
1100 2998 1130 3063 9.
1146 2998 1197 3064 29.
1213 2998 1264 3064 56.
1282 2997 1312 3061 7.
1327 2997 1378 3076 76,
1401 2995 1530 3077 quartus

348 3122 352 3146 ¹
402 3107 433 3174 6.
455 3108 507 3175 55.
528 3107 582 3173 28.
605 3109 655 3173 ll.
672 3109 723 3174 39.
739 3108 790 3174 58.
808 3109 849 3175 69
865 3105 1067 3194 (dimidinm),
1089 3107 1142 3174 48.
1158 3108 1210 3174 66.
1225 3109 1293 3184 40.;
1313 3106 1367 3173 fol.
1383 3105 1528 3171 LXIX·-

401 3215 509 3282 xom
532 3235 604 3282 enm
627 3217 826 3300 inscriptione
842 3218 1025 3298 Sequuntur
1046 3217 1137 3282 uarii
1158 3221 1312 3282 bredune
1333 3203 1438 3281 enodi
1459 3216 1532 3280 dini

406 3327 567 3410 Cbprions'
592 3330 715 3394 exstant
739 3327 840 3393 libelli
859 3327 899 3392 X.
920 3327 977 3392 IV.
998 3327 1033 3393 11
1059 3327 1112 3415 (de
1135 3327 1290 3392 idolorum
1315 3328 1459 3392 uanitate
1483 3327 1533 3393 in·

402 3436 564 3523 scriptus),
593 3437 758 3503 Aduersus
784 3437 918 3502 Iudaeos
945 3437 983 3503 do
1006 3437 1163 3502 mentibus
1189 3436 1280 3518 Syna
1304 3440 1332 3501 et
1358 3436 1455 3518 Suon,
1482 3436 1533 3500 De

402 3547 595 3614 rnuluune
608 3548 726 3631 eapitis
739 3549 765 3615 b.
782 3548 939 3613 Iohannis
952 3549 1115 3630 baptistae,
1135 3548 1190 3614 fol.
1205 3545 1533 3612 XCIIH-OXXVIII

403 3657 606 3742 inscriptione
626 3659 796 3744 praemissa
811 3660 993 3740 Sequuntm
1011 3658 1103 3724 uarii
1117 3676 1272 3722 sermones
1286 3656 1358 3721 diui
1375 3655 1535 3738 cypriam

337 3832 342 3840 .
403 3766 508 3834 libelli
518 3769 575 3835 XI.
586 3769 678 3835 XIII.
689 3770 762 3836 XII.
775 3770 866 3836 VHI.
878 3771 932 3835 VL
944 3770 1018 3850 VII,
1034 3770 1088 3837 iol.
1105 3769 1270 3835 CXXVIII
1284 3787 1351 3851 sqq.
1367 3766 1535 3849 Repetitio

403 3877 477 3944 dini
494 3879 655 3962 d'yprioni
675 3882 714 3946 tn
730 3880 908 3963 Sysntotm
929 3879 1151 3962 apostolerum,
1173 3879 1303 3945 libellus
1317 3877 1373 3958 IX,
1396 3874 1447 3944 De
1468 3876 1536 3941 sin·

402 3989 577 4072 putor-itote
591 3991 783 4070 clericorum,
798 3990 901 4057 libelli
916 3990 967 4055 III
981 3991 1043 4056 duo
1057 3989 1133 4055 libri
1149 3989 1217 4076 (fel.
1230 3986 1387 4053 CLXXIX
1402 3987 1435 4053 in
1451 3987 1535 4052 oaloe

405 4098 538 4185 legitur:
566 4082 665 4167 rene
687 4102 817 4168 nunes
839 4105 868 4167 u
888 4101 996 4166 eueni
1018 4100 1094 4166 aere
1108 4099 1194 4178 oeus
1211 4095 1394 4185 repunt),
1422 4095 1536 4162 Pane

406 4209 520 4279 Sancti
531 4210 690 4295 Cypriani
696 4210 962 4295 perPontionum
969 4211 1038 4276 etus
1045 4207 1386 4289 diaeoneunedito3lol.
1395 4205 1534 4273 CLXXX
