3720 4920
585 382 633 438 Ad
656 381 888 436 Nouatiannm
913 397 935 436 c.
961 381 1072 437 14-15.
1353 383 1396 447 65

255 545 397 617 pastores,
414 540 524 600 scilicet
535 541 692 614 praedones
703 541 733 598 ot
744 539 872 599 laniones
888 537 993 618 (dicam
1006 542 1040 598 ιιι
1050 537 1266 616 aestimauerst)
1282 540 1396 598 dicens:

256 661 273 705 o
296 645 482 718 pastores,
499 659 611 715 quaro
626 641 684 700 lac
698 641 867 714 ebibitis,
885 644 921 699 ct
941 641 1178 716 coagulatum
1201 638 1397 702 comeditis

256 750 291 807 et
316 745 417 806 forte
444 745 487 804 ad
513 744 671 802 nihilum
691 743 930 817 perduxistis
951 745 987 803 et
1008 743 1197 803 infirmnm
1218 761 1286 804 non
1308 743 1398 803 nisi*

256 848 373 909 tastis
403 850 439 906 et
459 846 733 906 claudicantem
761 863 830 905 non
852 847 1022 907 curastis
1050 850 1088 906 st
1117 852 1301 907 errantem
1331 863 1400 906 non

237 949 489 1021 sreuocastis,
511 950 547 1007 et
567 945 802 1022 permisistis
823 947 997 1022 populum
1017 965 1130 1007 meum
1151 965 1277 1010 errare
1299 949 1401 1009 iuter

259 1053 388 1128 spinas
406 1051 644 1111 attribulost
666 1055 867 1134 propteroa
888 1051 978 1111 haec
995 1050 1295 1112 dicitDominus:
1318 1068 1401 1111 occe

261 1171 327 1230 ego
353 1154 497 1215 ueniam
524 1154 706 1212 aduersus
727 1156 901 1227 pastores
923 1154 959 1212 et
980 1153 1169 1226 exquiram
1196 1170 1282 1213 onos
1303 1171 1402 1214 meas

264 1259 305 1318 de
335 1258 503 1316 manibus
533 1272 670 1328 eornm,
709 1258 745 1315 st
774 1256 954 1328 repellam
988 1272 1050 1315 cas
1079 1259 1120 1315 ut
1148 1274 1217 1316 non
1245 1258 1403 1329 pascant

259 1376 346 1420 ones
382 1374 494 1429 meas,
531 1361 568 1417 st
598 1374 664 1418 uon
695 1360 805 1417 erunt
835 1358 889 1415 eis
920 1357 1082 1429 amplius
1117 1375 1203 1418 ouos
1238 1372 1335 1417 meaa
1365 1358 1402 1417 in

230 1459 561 1529 nodeuorationem,
592 1461 626 1517 et
656 1458 845 1530 exquiram
875 1474 937 1518 cas
967 1458 1067 1517 sicut
1097 1462 1225 1533 pastor
1254 1475 1403 1535 gregem

264 1579 368 1621 auum
404 1561 440 1619 in
477 1561 535 1619 dio
565 1578 634 1635 qua
674 1560 796 1620 iucrit
835 1561 960 1635 caligo
991 1565 1027 1621 ot
1066 1562 1216 1622 nebula:
1258 1562 1313 1622 sic
1348 1578 1404 1621 ex·

262 1662 404 1736 qniram
435 1678 521 1723 oues
551 1679 647 1720 meas
674 1664 709 1721 et
735 1662 926 1736 exquiram
952 1680 1014 1722 eas
1035 1666 1077 1723 ds
1098 1665 1194 1723 omni
1214 1664 1294 1724 loco
1320 1681 1403 1738 quo·

263 1781 415 1837 cumque
444 1763 640 1837 dispersae
670 1767 772 1822 suut:
809 1767 844 1822 et
881 1766 977 1838 quod
1006 1767 1174 1838 perierat
1217 1766 1406 1839 requiram

263 1867 299 1925 et
336 1867 430 1940 quod
465 1867 660 1925 errauorat
695 1866 876 1926 reuocabo
918 1871 955 1927 ct
990 1868 1084 1941 qnod
1120 1867 1406 1928 claudicausrat

228 1969 399 2028 recurabo
436 1970 471 2025 ot
506 1969 599 2041 quod
635 1967 824 2027 infirmnm
860 1972 919 2028 est
955 1969 1152 2028 custodibo
1189 1972 1225 2029 ot
1258 1985 1405 2044 pascam

266 2086 352 2129 ones
382 2087 478 2129 moas
505 2086 580 2128 cum
609 2069 760 2129 iudicio.

316 2170 386 2240 Quis
402 2171 459 2230 ista
473 2173 623 2244 loquitur?
646 2172 744 2245 utiquo
759 2171 809 2230 ille
825 2172 875 2244 qui
890 2173 1003 2232 relictis
1017 2173 1176 2246 nonaginta
1189 2191 1291 2233 nouom
1306 2173 1408 2234 ouibus
1419 2175 1459 2234 15

275 2273 419 2347 quaesiuit
444 2272 524 2332 illum
555 2290 626 2347 qnae
655 2274 688 2333 de
715 2291 766 2333 suo
796 2277 945 2334 errauorat
967 2292 1072 2350 grego,
1103 2275 1178 2336 sicut
1203 2275 1298 2337 Dauid
1324 2275 1410 2337 dicit:

270 2375 397 2435 orraui
432 2373 539 2435 uelut
575 2376 655 2434 onis
691 2393 782 2450 quae
818 2375 934 2450 perit,
974 2395 1059 2452 quam
1095 2378 1242 2437 iuuentam
1278 2378 1411 2438 Christus

233 2477 348 2538 adrodit
376 2494 473 2535 umoro
503 2494 555 2536 suo
584 2482 703 2552 portans
732 2478 920 2550 peccatricem
950 2479 1120 2538 delicatam:
1151 2480 1201 2554 qui
1227 2482 1355 2555 gaudens
1380 2483 1412 2540 et

272 2578 405 2638 exultans
433 2579 542 2638 uocaus
569 2579 667 2638 amicis
693 2583 722 2638 et
743 2581 908 2641 domesticis
934 2581 992 2640 ait:
1014 2581 1282 2641 conlaetamini
1311 2582 1411 2654 mihi,

272 2678 443 2754 qnoniam
467 2680 621 2741 inuenta
644 2683 701 2740 est
722 2681 802 2741 ouis
824 2697 901 2740 msa
924 2698 1017 2756 quae
1038 2682 1214 2757 perierat.
1245 2682 1336 2754 dico,
1366 2682 1413 2742 in·

277 2782 356 2857 quit,
398 2782 505 2841 uobis
541 2783 628 2855 quia
663 2783 739 2842 talo
776 2783 949 2858 gaudium
986 2784 1061 2844 erit
1095 2785 1132 2843 in
1167 2784 1271 2846 caelo
1302 2800 1415 2863 super
1530 2836 1533 2842 .

272 2887 505 2957 peccatorem
541 2885 814 2957 poeniteutiam
850 2888 1029 2960 agentem.
1078 2890 1108 2945 et
1144 2886 1319 2960 subiungens
1355 2886 1413 2945 ait:

237 2987 338 3046 aaut
368 3002 459 3058 quas
489 2986 623 3043 mulier
651 2986 790 3045 habene
820 2987 996 3047 denarios
1024 2980 1145 3047 docem
1172 2989 1307 3047 etcum
1333 3004 1412 3063 por-

271 3087 416 3146 didorit
445 3105 485 3146 ex
512 3087 566 3146 sis
597 3105 718 3160 unum,
748 3105 817 3148 nou
848 3088 1023 3148 accendit
1052 3089 1239 3150 lucernam
1268 3093 1304 3149 et
1333 3091 1414 3149 tota

273 3189 337 3248 die
367 3191 505 3250 domum
536 3205 634 3248 suam
665 3189 836 3248 emundat
866 3207 1050 3262 quaerens
1079 3191 1193 3253 donoc
1221 3191 1413 3252 inueniat?

346 3435 365 3490 2
384 3436 430 3489 Ea.
448 3434 491 3499 34,
510 3436 535 3489 3.
554 3434 579 3488 4.
599 3434 640 3489 10.
660 3435 701 3488 11.
721 3433 764 3491 16.
910 3435 943 3487 19
962 3433 1006 3487 Ps.
1026 3435 1086 3497 118,
1104 3434 1162 3488 116.
1299 3433 1332 3486 21
1351 3431 1414 3488 Luc.

274 3519 317 3586 15,
338 3519 432 3574 6-10.

355 3759 504 3828 lseilicet]
524 3760 570 3814 aed
588 3760 620 3814 K
705 3760 873 3814 estimanorit
892 3758 925 3811 K
1009 3755 1074 3811 iot
1092 3763 1168 3824 (urite
1185 3756 1283 3825 claud)
1301 3772 1386 3811 om.o

284 3845 303 3897 5
320 3844 465 3897 remisistis
482 3845 514 3899 K
659 3844 785 3898 deornm
803 3843 841 3906 K,
860 3843 969 3897 illorum
990 3859 1006 3896 v
1152 3858 1196 3895 eos
1214 3858 1231 3895 e
1367 3855 1419 3894 uon

287 3928 321 3982 K
328 3944 350 3982 s.
364 3929 382 3983 1.
394 3934 461 3983 m.2
586 3930 619 3984 12
638 3929 670 3984 de
688 3930 726 3995 K,
744 3931 773 3985 in
791 3948 809 3985 o
937 3930 972 3983 15
989 3927 1130 3984 custodibo
1148 3927 1186 3991 K,
1205 3925 1388 3981 custodiume

279 4015 313 4069 17
332 4014 388 4070 ista
407 4032 443 4070 eso
461 4016 503 4069 ita
521 4015 554 4068 K
644 4017 751 4070 relictas
770 4016 803 4069 K
891 4014 988 4069 onibus
1005 4030 1031 4082 q.
1051 4013 1128 4066 illum
1145 4028 1195 4066 om.
1215 4010 1247 4064 K
1326 4011 1359 4064 19
1376 4024 1421 4078 pe·

279 4102 331 4158 riit
350 4117 368 4155 o
471 4104 587 4157 christun
606 4119 655 4157 om.
675 4102 706 4156 K
807 4101 841 4155 21
861 4100 1053 4155 conlaetamini
1070 4098 1108 4164 K,
1127 4095 1353 4166 congratulamini
1369 4111 1387 4148 c

282 4191 317 4245 24
341 4206 395 4244 nno
414 4193 552 4260 peccatore
571 4191 764 4257 poenitentiam
783 4190 915 4259 agonteu
1070 4184 1105 4238 26
1123 4183 1162 4238 eis
1180 4183 1218 4247 K,
1236 4181 1352 4237 denuiis
1370 4196 1388 4235 e

279 4293 334 4334 uon
353 4275 391 4342 K,
409 4292 497 4330 nonne
516 4295 532 4331 u
614 4325 616 4327 .
637 4277 796 4331 acoendstu

384 4385 426 4431 ιιι
444 4383 467 4429 n
1195 4360 1214 4418 5
