3720 4920
715 361 761 417 le
784 362 1015 417 Nouatiunum
1038 379 1060 417 c.
1079 361 1191 416 12-13.
1475 362 1518 427 63

381 519 495 595 legisti:
531 522 619 596 quie
644 521 739 581 Deus
770 520 937 595 perdidit
969 518 1176 580 memoriam
1210 517 1451 594 superborum
1482 518 1518 575 et

380 639 449 683 non
483 622 669 699 relinquit
699 624 903 683 memoriam
936 622 1154 682 humilium?
1191 638 1248 682 non
1280 620 1397 696 legisti:
1432 619 1518 693 quis

381 740 449 798 quo
487 723 628 785 iudicio
662 726 745 799 quis
779 724 1026 797 indicauerit,
1065 740 1144 782 eum
1175 722 1339 783 iudicari
1365 737 1518 782 necesse

380 830 458 886 esti
486 844 544 886 non
573 826 689 900 legisti:
715 827 802 902 quie
827 827 889 902 qui
918 826 998 886 odit
1023 826 1179 887 fratrem
1205 844 1325 898 suum,
1356 825 1391 884 in
1419 828 1517 884 tene·

359 929 459 988 sbrie
489 933 546 988 est
575 932 611 988 et
639 929 677 987 in
705 930 875 989 tenebris
903 930 1069 989 ambulet
1094 932 1134 989 et
1159 945 1228 989 non
1254 927 1328 988 scit
1354 943 1421 1000 quc
1448 928 1518 996 eut,

379 1030 466 1105 quie
495 1030 675 1090 tenebrae
703 1033 999 1091 exceeceuerunt
1028 1030 1158 1092 oculos
1187 1032 1294 1090 eius?
1325 1029 1401 1087 unde
1428 1026 1519 1100 igitur

381 1133 429 1209 [etl
452 1137 512 1192 tem
535 1134 709 1204 sceleratus,
740 1138 800 1194 tem
821 1134 970 1207 perditus,
1002 1137 1062 1193 tum
1083 1133 1242 1194 discordiae
1269 1132 1365 1191 furore
1395 1145 1519 1189 uesenus

379 1234 509 1293 extiterit
529 1233 586 1292 iste
600 1234 794 1306 Nouatienus,
815 1235 944 1293 inuenire
966 1251 1024 1294 non
1043 1251 1161 1307 possum
1183 1234 1233 1307 qui
1255 1248 1368 1304 semper
1390 1231 1420 1288 in
1435 1231 1518 1288 domo

379 1354 437 1396 une
464 1336 493 1395 id
521 1338 567 1395 est
594 1335 703 1395 Christi
735 1335 855 1396 ecclesie
877 1335 1068 1408 proximorum
1101 1334 1208 1394 delicte
1236 1335 1269 1393 ut
1290 1332 1407 1408 proprie
1429 1330 1517 1389 tiene·

263 1499 266 1504 ,
346 1453 372 1492 ro
380 1439 434 1510 rit,
469 1453 556 1496 onere
584 1437 721 1509 instrum,
754 1438 830 1497 sicut
862 1436 1011 1511 spostolus
1039 1438 1188 1509 hortatur,
1212 1435 1400 1504 sustinuerit,
1425 1432 1518 1491 lubri-

380 1556 428 1598 cos
456 1540 486 1597 ln
514 1538 569 1599 tide
602 1538 720 1598 coelesti
752 1539 931 1599 sdlocutioue
964 1539 1200 1599 corroborsuerit.
1233 1541 1265 1597 et
1297 1553 1373 1595 nunc
1405 1551 1441 1593 ex
1462 1549 1519 1608 quo

379 1639 496 1699 Geinum
519 1639 600 1698 illem
622 1640 773 1712 haeresim,
796 1657 867 1714 quae
890 1658 946 1699 non
969 1641 1025 1699 uisi
1048 1645 1162 1699 mutum
1182 1640 1310 1699 occidere
1331 1637 1422 1711 gestit
1436 1652 1518 1694 exer·
1624 1678 1628 1684 .

379 1759 443 1802 cere
476 1741 581 1815 coepit,
614 1757 668 1800 nec
695 1742 751 1800 sibi
774 1741 928 1801 nouissime
961 1742 1063 1816 percit.
1098 1745 1226 1802 ceterum
1249 1739 1275 1798 si
1296 1739 1428 1812 legisset,
1451 1735 1520 1810 quin

379 1843 539 1902 iustitie
567 1842 661 1901 iusti
688 1859 758 1902 non
779 1843 968 1902 liberabit
995 1861 1070 1903 eum
1093 1844 1132 1903 in
1154 1844 1213 1902 die
1235 1858 1305 1916 que
1325 1837 1519 1898 errauerit

343 1948 417 2004 sset
449 1945 636 2017 iniquitas
669 1943 774 2016 impii
807 1961 875 2003 uon
908 1945 1056 2004 nocebit
1089 1961 1165 2003 eum
1199 1959 1240 2003 ex
1262 1959 1333 2016 qus
1355 1942 1415 2002 die
1437 1958 1516 2000 con-

380 2063 510 2107 uersus
532 2046 668 2118 fuerit,
691 2045 748 2106 iem
770 2045 838 2105 olim
859 2047 889 2105 in
911 2047 1005 2106 cinere
1027 2046 1238 2120 peeniteretur,
1261 2046 1312 2104 ille
1334 2045 1383 2119 qui
1406 2058 1519 2117 semper

380 2147 593 2221 paenitentibus
616 2148 795 2219 eduemaeur,
823 2149 924 2223 quiin
947 2149 1031 2206 ruine
1060 2147 1176 2207 lucilius
1198 2147 1412 2208 aedificatorum
1435 2149 1517 2204 sten-

380 2248 453 2307 tium
476 2253 610 2322 operetur
632 2266 718 2323 quern
740 2249 772 2307 in
794 2249 950 2308 structione
973 2248 1126 2308 ieoentiunn
1148 2249 1310 2321 ruinerum,
1339 2247 1390 2323 qui
1412 2247 1519 2305 multus

380 2365 415 2407 ex
434 2349 577 2410 frutribus
591 2350 698 2410 nostris
713 2350 888 2410 miserrimos
904 2350 987 2409 falsis
1003 2350 1064 2410 suis
1085 2351 1336 2410 aduersationibus
1349 2348 1519 2423 perterritos

347 2449 490 2509 scitorum
516 2451 585 2510 fecit
611 2452 741 2511 ethnicos
767 2451 885 2510 dicendo
912 2453 986 2524 quod
1012 2451 1191 2524 poenitentis
1210 2451 1356 2524 lapsorum
1377 2467 1453 2508 uene
1467 2466 1520 2508 nec

381 2551 475 2623 possit
489 2551 532 2611 eis
547 2552 684 2625 prolicere
699 2553 735 2611 ed
757 2552 888 2625 sulutem,
915 2553 1057 2612 chmente
1078 2553 1221 2624 scripture
1243 2553 1273 2612 et
1296 2551 1423 2611 dicente:
1450 2565 1518 2609 me·

381 2654 502 2711 mento
538 2654 631 2711 unde
668 2652 852 2713 excideris
881 2656 918 2711 et
951 2669 1018 2726 age
1054 2653 1341 2726 poenitentium:
1381 2652 1412 2710 si
1450 2668 1518 2726 quc

382 2753 517 2824 minus,
544 2756 686 2813 ueniam
712 2754 799 2826 tibi,
833 2755 907 2814 nisi
932 2754 1202 2828 peonitentiam
1231 2753 1364 2827 egeris.
1396 2755 1426 2811 et
1456 2753 1519 2827 qui·

382 2853 447 2912 dem
469 2855 507 2912 ed
527 2858 640 2928 septem
660 2855 797 2914 ecclesias
822 2857 949 2915 scribens
976 2854 1101 2929 singulis
1122 2872 1175 2914 sue
1196 2870 1325 2929 quaeque
1346 2854 1475 2913 facinore
1489 2857 1519 2913 et
1543 2906 1545 2911 .

348 2954 492 3015 sedelicte
511 2955 648 3030 ingerens
669 2957 854 3030 paenitemini
872 2955 995 3017 dicebat.
1022 2955 1150 3030 quibust
1165 2955 1223 3015 nisi
1238 2955 1299 3014 illis
1319 2954 1432 3015 scilicet
1446 2971 1518 3028 quus

381 3056 475 3130 pretio
490 3075 594 3132 magno
608 3058 655 3118 sui
670 3058 819 3132 sanguinis
835 3060 1004 3117 redemerat.

452 3364 618 3427 teser.
639 3365 679 3417 11.
749 3364 882 3418 eunuch.
901 3365 926 3427 7,
944 3364 970 3417 2.
1039 3364 1246 3427 4110.s,11.
1316 3363 1517 3426 luitnotus.

381 3449 604 3522 21Apoc2‚5.

453 3722 468 3775 1
486 3721 609 3790 perdite
757 3721 774 3774 2
792 3737 845 3775 non
863 3738 913 3775 om.
932 3721 965 3775 K
1116 3722 1134 3775 3
1151 3736 1204 3790 quc
1221 3736 1290 3776 corr.
1308 3721 1341 3774 iot
1358 3736 1437 3789 quern
1455 3718 1488 3772 K

382 3804 471 3860 iudico
489 3807 550 3874 quia
568 3805 601 3860 K
615 3822 629 3857 s
647 3821 718 3860 erae.
787 3805 911 3876 iudicari]
930 3805 1095 3860 iudicabitur
1112 3807 1145 3860 K
1212 3807 1230 3860 5
1244 3808 1327 3875 prius
1337 3809 1367 3859 et
1385 3822 1436 3859 om.
1455 3804 1488 3857 K

382 3889 399 3943 'l
417 3890 561 3945 solentne
579 3892 607 3945 et
625 3908 642 3946 o
780 3889 932 3960 perditurus
951 3891 984 3945 Κ
998 3891 1047 3946 ced
1064 3908 1136 3947 corr.
1270 3891 1305 3944 10
1321 3890 1425 3945 honere
1442 3888 1485 3943 Κι

274 4021 276 4024 ,
383 3974 416 4030 11
434 3975 621 4031 corroborauit
638 3975 671 4029 K
783 3976 817 4030 12
835 3977 952 4045 mem]
969 3976 1089 4030 cerinum
1108 3977 1151 4041 K,
1170 3979 1294 4031 ceninsm
1310 3992 1340 4040 υς
1364 3975 1521 4031 mmdoeit

382 4062 519 4117 liccem
628 4062 663 4114 lb
680 4076 740 4115 enm
758 4060 795 4125 K,
814 4061 838 4114 ei
856 4077 882 4129 c;
900 4063 936 4127 cl.
955 4063 1030 4129 App.
1048 4065 1091 4128 57,
1109 4065 1143 4117 16
1252 4061 1285 4115 16
1303 4046 1438 4114 ..cinere
1456 4059 1489 4114 K

382 4147 561 4216 poeniteretc
674 4145 707 4199 17
726 4145 842 4215 lucilius]
861 4146 966 4200 felicius
983 4147 1049 4212 fort.
1160 4146 1196 4200 20
1212 4146 1315 4201 etnicos
1327 4145 1360 4200 K
1473 4161 1520 4215 ep-

382 4247 473 4285 sorum
484 4232 551 4287 sito
653 4230 689 4284 23
701 4232 787 4300 egerit
798 4230 830 4285 K
835 4233 840 4262 ¹
949 4232 984 4286 21
1002 4246 1106 4300 quoque
1124 4249 1141 4286 u
1210 4249 1212 4252 ⁴
1243 4231 1278 4285 26
1296 4229 1439 4285 redimeret
1457 4231 1489 4285 K
