3720 4920
339 330 383 395 48
816 323 1000 394 appendia

342 481 476 544 idoneum
491 483 657 555 iudiearem,
683 483 735 542 sed
750 482 825 557 quod
840 483 951 541 tantam
966 481 1027 541 illio
1042 499 1186 543 oernerom
1200 499 1264 543 esse
1284 483 1432 555 uirtutem,
1448 484 1485 542 ut

341 585 396 645 etsi
410 603 513 661 parum
528 588 563 645 <le
579 603 612 646 eo
628 584 762 656 (litarem,
776 584 932 658 plurimum
947 600 992 643 me
1007 584 1113 644 dixisse
1127 585 1285 659 profiterer.
1309 602 1375 645 nam
1395 601 1481 659 prae·

340 687 450 748 feratur
465 687 534 748 lioet
546 688 620 747 bono
635 686 703 747 tidei
718 687 863 746 custodita
878 685 992 745 iustitia
1002 686 1203 761 melioremque
1214 703 1245 747 se
1260 687 1340 746 inter
1355 685 1481 747 omnium

341 789 441 850 laudea
467 789 622 864 uirginitas
645 788 822 848 inmaculata
848 792 1012 863 eognoscat,
1045 789 1148 848 oedant
1172 792 1270 848 tannen
1293 804 1410 849 naoesm
1436 789 1482 848 eat

341 891 478 966 martyrio
493 891 628 952 uniuersa
645 907 679 950 ao
694 889 830 964 sanguini
857 889 1129 964 summittanturque
1144 891 1247 952 cruori.
1270 889 1316 949 illi
1330 888 1505 966 elegerunte

341 995 457 1064 bonum,
471 993 504 1052 ni
518 992 624 1052 imitati
639 995 708 1052 aunt
722 991 879 1052 Christum.

291 1090 332 1148 27
384 1096 471 1157 Nune
485 1111 563 1168 uero,
578 1093 719 1166 rarissimi
733 1094 849 1165 fratrea
864 1092 901 1154 ne
916 1095 981 1169 quis
995 1111 1041 1155 me
1055 1095 1212 1156 arbitretur
1226 1110 1337 1155 omnem
1358 1094 1482 1154 salutem

340 1215 398 1259 non
426 1197 484 1259 alio
513 1199 593 1257 statu
622 1215 708 1272 quam
733 1197 764 1256 in
789 1197 927 1272 martyrio
955 1197 1126 1270 coniurasse,
1157 1198 1211 1257 hoo
1236 1197 1328 1271 primo
1354 1194 1482 1270 proteoto

341 1298 476 1372 respicite
494 1314 587 1373 neque
607 1314 654 1358 me
673 1299 787 1357 tanturn
810 1313 873 1359 osae
889 1299 939 1372 qui
953 1297 1032 1373 loqui
1047 1297 1146 1358 uideor
1165 1314 1257 1372 nequa
1271 1297 1315 1356 ita
1328 1312 1360 1356 se
1375 1296 1483 1356 habore

341 1400 470 1460 ordinem
484 1417 590 1472 rerum,
605 1402 639 1460 ut
654 1398 873 1460 inmortalitatis
895 1415 962 1473 spos
978 1400 1150 1473 repromissa
1163 1401 1248 1459 unius
1273 1400 1367 1474 partia
1390 1399 1481 1459 latera
1490 1419 1520 1459 uo

341 1504 461 1563 nitatur.
479 1504 530 1563 sod
544 1502 679 1577 quoniam
693 1502 737 1560 ita
751 1501 892 1562 Dominus
907 1519 959 1562 suo
975 1517 1022 1561 ore
1040 1503 1165 1561 testatus
1179 1504 1225 1560 ast
1239 1517 1303 1560 esse
1317 1498 1484 1560 habitaoula

340 1621 428 1677 penas
448 1609 558 1677 patrem
577 1600 681 1674 multa,
704 1603 780 1662 nihil
794 1604 890 1663 maius
905 1603 1013 1662 credidi
1033 1619 1067 1661 ea
1082 1603 1175 1676 gloria
1190 1619 1247 1676 qua
1260 1603 1419 1676 probantur
1435 1601 1483 1660 hio
1572 1638 1575 1644 -

341 1706 471 1765 hominos
497 1703 547 1778 qui
572 1705 712 1765 moulari
737 1704 850 1778 indigui
877 1707 945 1763 sunt
970 1705 1040 1764 uita.
1069 1704 1174 1777 igitur,
1196 1703 1338 1762 carissimi
1364 1702 1480 1773 iratraa

341 1807 454 1867 aemula
478 1806 617 1880 religione
643 1809 788 1866 certantes
814 1806 896 1865 uelut
925 1805 1068 1865 inoentiuo
1094 1807 1216 1879 quodam
1248 1805 1352 1864 merois
1378 1803 1481 1877 agitati

341 1924 452 1968 omnem
472 1907 577 1966 uirium
604 1907 715 1981 copiam
737 1906 977 1981 tolerantiamque
998 1907 1160 1967 subeamus.
1184 1923 1240 1966 non
1265 1906 1342 1966 euim
1368 1920 1521 1965 mouersrs

341 2026 393 2068 nos
414 2010 519 2068 dobant
539 2010 647 2068 oaduoa
667 2025 739 2082 quae
755 2026 866 2082 semper
888 2012 1005 2083 atquae
1021 2010 1077 2067 iam
1098 2009 1243 2068 euoraione
1259 2024 1312 2067 sua
1326 2023 1383 2066 non
1399 2007 1482 2066 modo

340 2109 406 2191 lege
432 2111 578 2186 proposita
604 2111 656 2170 sod
687 2110 775 2169 otiam
803 2109 865 2185 ipso
892 2109 947 2170 fine
973 2110 1110 2184 temporis
1135 2113 1306 2184 urguentur.
1340 2109 1483 2169 exclamat

341 2213 483 2271 Iohannes
505 2214 535 2271 at
557 2213 642 2272 dicit:
665 2212 734 2270 iam
757 2213 901 2286 quidam
924 2212 1066 2271 securis
1088 2212 1131 2270 ad
1153 2212 1314 2271 radioern
1336 2211 1483 2270 arboria

447 2441 480 2495 18
497 2442 597 2494 Matth.
616 2443 642 2505 3,
660 2442 703 2496 10.

411 2660 426 2713 1
446 2663 552 2714 tantam
571 2660 643 2726 NS2,
662 2662 770 2714 tantum
791 2660 851 2731 ΟΥ,
876 2663 955 2715 tantu
974 2661 1017 2725 δ’,
1036 2665 1115 2716 tanta
1131 2662 1159 2717 1,
1296 2664 1356 2718 illio
1372 2663 1435 2730 NS,
1453 2664 1482 2718 in

341 2746 400 2800 illis
418 2745 508 2816 LQT,
525 2745 554 2799 in
572 2745 622 2800 illo
640 2761 657 2800 o
806 2761 863 2800 esse
881 2748 1011 2800 uirtutem
1030 2747 1073 2811 δ”,
1091 2749 1252 2803 seruitutem
1270 2749 1419 2819 LNQS¹T

340 2830 358 2884 2
376 2831 404 2884 et
416 2830 450 2899 si]
463 2828 524 2883 siS
600 2829 720 2900 profiteri
735 2829 789 2900 QT
858 2830 1012 2899 proteratur
1023 2832 1057 2887 N
1131 2833 1148 2886 3
1165 2832 1376 2902 meliorumquae
1391 2833 1415 2904 Q

341 2931 370 2970 se
387 2915 468 2983 inter]
487 2930 591 2984 sempor
609 2914 634 2969 S
757 2915 776 2969 4
795 2915 890 2969 laudes
908 2932 978 2984 corr.
995 2919 1030 2972 ιἰι
1046 2917 1153 2972 laudern
1170 2919 1192 2971 S
1207 2934 1242 2971 na
1260 2923 1279 2972 2
1388 2933 1486 2988 eogno-

341 3004 418 3055 scant
436 2999 464 3053 L
553 2999 667 3054 caedant
685 3000 713 3067 S,
732 2999 810 3054 cadet
827 3000 954 3071 anolo
1056 3005 1148 3056 tamen
1165 3020 1191 3057 ru
1210 3005 1263 3072 eat]
1287 3003 1328 3057 ita
1345 3020 1378 3058 ne
1398 3004 1453 3075 QY

340 3085 506 3154 irmartyrio
528 3084 657 3139 uniuersa
680 3085 886 3157 amatore
989 3102 1020 3141 ao
1045 3088 1171 3158 sangnini
1188 3089 1301 3157 arripui,
1319 3105 1336 3143 a
1353 3089 1485 3158 sanguina

342 3170 370 3233 S,
389 3170 520 3239 sanguino
532 3170 567 3233 L,
585 3170 712 3240 sanguini
724 3170 827 3241 NQTo
902 3173 1161 3241 summittantnrque
1172 3176 1277 3243 amosi,
1295 3175 1485 3229 summittatur

340 3253 451 3325 Lesa,
469 3255 708 3325 summittaturque
726 3255 773 3311 Nu
854 3272 930 3312 oruor
948 3257 976 3312 L
1053 3259 1183 3328 aligerum
1198 3261 1228 3323 T,
1247 3259 1384 3328 eligerunt
1396 3258 1451 3331 DQ

340 3339 473 3394 6bonum
490 3340 518 3393 h.
536 3340 555 3396 i.
574 3343 639 3396 suut
656 3340 751 3396 οπως*
827 3341 858 3396 1ιί
877 3359 927 3397 one
948 3343 1001 3413 QY
1076 3345 1301 3415 'lme1nosQT
1350 3345 1483 3399 ‘8statu

340 3425 368 3487 S,
387 3426 495 3478 tanturn
513 3424 626 3496 LNQT
752 3427 899 3481 colorasset
919 3427 943 3497 Q
1068 3430 1185 3497 primum
1203 3445 1239 3483 ees
1255 3429 1342 3497 primo
1360 3427 1435 3484 Sea.
1453 3431 1483 3495 2,

339 3525 431 3577 prome
450 3509 482 3580 Q,
499 3525 590 3579 promo
611 3512 637 3565 Τ
774 3512 792 3566 9
810 3512 937 3580 respicito
956 3514 984 3577 S,
1001 3513 1130 3583 respiciat
1148 3513 1273 3585 LNQTo
1407 3514 1483 3585 loqui

339 3595 386 3663 qui
409 3597 434 3651 Τ
543 3610 629 3663 neque
647 3595 689 3649 ita
707 3596 746 3664 se]
766 3597 918 3666 nequitiam
939 3597 985 3651 sed
1005 3598 1036 3667 Q,
1053 3615 1087 3652 ne
1105 3600 1169 3667 quia
1186 3599 1232 3653 sed
1253 3599 1279 3653 T
1389 3598 1424 3654 10
1441 3600 1483 3654 in·

338 3679 495 3734 mortalitas
515 3679 539 3750 Q
556 3680 776 3748 (inmortalitatis
793 3681 840 3745 Μ)
952 3698 999 3751 spe
1017 3683 1148 3752 promissa
1169 3683 1195 3736 T
1305 3685 1379 3755 parti
1399 3684 1453 3755 QT

340 3765 497 3834 nupseram
520 3766 546 3821 T
671 3766 752 3835 nihil]
771 3765 842 3820 mihi
863 3767 917 3838 QT
1045 3769 1170 3823 medendi
1187 3785 1257 3824 eurr.
1275 3767 1484 3825 incredundam

338 3853 411 3904 Sua
429 3855 449 3904 2
552 3851 586 3905 13
603 3851 712 3906 homine
734 3852 761 3906 T
863 3853 898 3907 14
918 3854 1052 3908 aemulare
1073 3855 1099 3908 Τ
1198 3855 1342 3924 iugentiuo
1360 3855 1421 3926 LQ,
1439 3855 1482 3909 in·

339 3935 463 4005 gentium
484 3937 509 3990 Τ
592 3935 758 3991 meroaolisu
846 3937 880 3991 16
898 3953 966 4006 quaa
984 3939 1021 4002 N,
1039 3955 1117 4008 quem
1136 3939 1224 4010 LQT,
1243 3943 1334 3994 onas
1414 3957 1483 3996 sem·

338 4020 395 4089 par]
414 4036 462 4090 per
483 4022 508 4075 Τ
609 4022 724 4090 atquae
741 4023 799 4074 tam
818 4023 845 4085 S,
865 4038 945 4079 onao
1049 4024 1214 4079 auersionem
1232 4041 1309 4079 suam
1323 4025 1439 4093 LN'S’,
1454 4027 1485 4081 iu

339 4106 503 4160 euersionem
523 4121 599 4160 suam
617 4122 635 4161 u
748 4106 920 4177 nequidem]
940 4108 1060 4177 qniiam
1080 4109 1216 4180 Quoue
1320 4127 1396 4166 secur
1414 4110 1449 4166 S·

339 4188 383 4260 ad]
401 4206 418 4244 a
439 4190 465 4243 Τ
564 4191 689 4247 arborum
708 4192 775 4257 ΒΝ,
795 4208 846 4247 ona
868 4194 891 4264 Q
