3720 4920
534 343 581 397 De
598 342 859 412 singularitate
876 342 1082 397 clericorum
1105 358 1127 395 c.
1146 341 1257 398 13-1e
1401 350 1462 414 189

326 504 426 563 tantur
439 518 581 561 armorum
591 503 642 561 ant
654 500 753 574 crepat
767 498 871 560 litibus
883 500 977 560 iorum
987 501 1038 558 aut
1052 497 1307 568 reaonsntlitteris
1322 499 1464 560 auditoria

327 609 379 666 aut
393 604 587 679 negotiatores
602 602 781 664 commerciis
796 603 940 662 instanter
954 603 1123 662 incumbunt
1138 605 1189 662 aut
1204 603 1329 662 artifices
1344 603 1375 660 in
1390 603 1462 661 arti·

297 754 301 762 .
328 707 394 767 licia
409 707 473 782 ipsa
486 706 620 781 propensi
634 708 717 765 eunt:
733 708 841 780 quanto
856 704 950 779 magis
965 705 1015 763 nbi
1030 721 1087 764 non
1099 703 1214 763 carnale
1229 720 1300 777 opus
1315 703 1461 763 hominnm

326 810 377 870 sed
393 810 524 884 spiritale
539 809 651 882 geritur
666 807 858 882 angelorum?
873 806 948 866 nihil
964 806 1026 865 illic
1040 806 1263 880 inpugnationes
1277 808 1398 879 possunt
1412 806 1462 865 nbi

304 915 356 973 set
370 912 428 988 ipsi
442 913 592 973 daemones
614 911 735 982 cedunt,
759 914 790 970 et
804 910 885 969 nulla
899 926 986 969 sexus
1001 908 1123 968 alicuius
1137 907 1315 983 permittitur
1330 909 1463 969 conside-

323 1015 383 1076 rari
398 1014 555 1084 distantia,
585 1013 634 1072 nbi
651 1030 704 1073 nec
719 1013 801 1072 aetas
816 1028 868 1072 nec
883 1012 1010 1085 dignitas
1025 1011 1075 1070 sed
1090 1010 1153 1070 sola
1166 1009 1328 1083 aequalitas
1343 1014 1461 1084 regnat:

322 1120 409 1192 atque
424 1120 457 1176 ut
470 1116 584 1190 plenius
599 1114 706 1186 dicam,
738 1131 837 1174 omnes
851 1114 915 1174 illie
930 1113 1005 1174 tales
1020 1129 1124 1173 sensus
1137 1112 1284 1187 accipiunt
1297 1117 1331 1174 ut
1352 1113 1462 1189 etipsa

322 1219 514 1293 coniugalites
529 1217 693 1291 ignoretur,
718 1216 770 1276 ubi
794 1217 927 1275 Christus
952 1215 1081 1288 loquitur
1105 1215 1221 1274 auditur
1248 1215 1415 1275 adtenditur
1430 1222 1461 1276 et

320 1337 373 1396 per
387 1320 482 1382 omnia
497 1323 525 1379 et
540 1319 571 1377 in
585 1319 716 1379 omnibus
738 1318 818 1378 solus
836 1322 883 1378 est
894 1321 987 1377 totum
998 1318 1125 1376 testante
1140 1316 1271 1390 apostolo
1286 1319 1316 1376 et
1331 1318 1460 1379 dicente:

289 1422 386 1482 neubi
408 1439 478 1482 non
500 1424 573 1492 est,
595 1421 706 1494 inquit,
728 1421 888 1479 Iudaeus
910 1422 947 1479 et
969 1419 1143 1492 Graecus,
1166 1419 1405 1482 circumcisio
1427 1424 1463 1481 et

227 1559 232 1568 ·
322 1525 566 1600 praeputium,
596 1522 783 1582 barbarus
812 1525 847 1582 et
870 1523 1020 1596 Scytha,
1044 1522 1230 1581 masculus
1252 1526 1288 1582 et
1310 1522 1460 1594 femine,

322 1645 455 1688 seruus
477 1631 513 1686 et
534 1627 632 1685 liber
654 1626 720 1684 aed
742 1625 964 1685 omniaetin
986 1624 1155 1684 omnibus
1177 1624 1361 1684 Christus.
1384 1626 1462 1684 hunc

322 1730 409 1805 plane
424 1730 596 1788 conuentum
612 1726 766 1800 gloriaest
783 1727 929 1786 celebrare
945 1743 1010 1785 cum
1024 1724 1156 1798 leminis,
1182 1726 1213 1785 in
1229 1744 1285 1800 quo
1300 1725 1381 1785 nulla
1395 1721 1459 1785 dis·

324 1830 414 1890 cretio
441 1832 486 1888 est
512 1828 678 1902 qualitatis,
705 1828 751 1888 cni
767 1830 881 1887 tontum
907 1826 978 1887 lieet
1002 1843 1101 1886 omnes
1130 1844 1253 1901 aequare
1279 1827 1342 1886 sine
1363 1827 1462 1901 aliqua

289 1949 314 1990 ιι
325 1931 503 2003 differentia,
529 1933 563 1989 ut
577 1947 630 1990 nec
655 1928 685 1987 in
700 1930 763 2003 ipso
778 1929 954 2002 baptismate
969 1928 1137 2002 cuiusquam
1165 1929 1283 1987 nuditas
1298 1929 1459 1999 erubescat,

322 2032 372 2092 ubi
387 2034 467 2092 Adae
482 2035 512 2092 et
533 2031 612 2091 Euae
634 2032 791 2090 renouetur
806 2030 946 2102 inlentia,
976 2046 1030 2090 nec
1044 2032 1162 2105 exponit
1176 2032 1227 2090 sed
1242 2032 1338 2105 potins
1353 2030 1460 2104 accipit

324 2135 460 2194 tunicam.
1165 2155 1167 2159 ·

367 2236 448 2306 Quod
463 2235 490 2294 si
504 2238 535 2295 et
550 2234 612 2294 illic
628 2233 668 2293 sit
683 2235 790 2309 aliquis
805 2235 918 2295 diabolo
941 2236 1021 2309 peior
1041 2236 1090 2309 qui
1105 2235 1276 2295 feminarum
1297 2235 1461 2308 aspectibus
1473 2215 1531 2296 15Ι

321 2339 455 2409 ferietur,
471 2338 506 2397 de
520 2338 600 2397 nullo
612 2340 709 2397 umen
720 2339 905 2412 congregatio
917 2340 1016 2398 nostra
1026 2338 1158 2411 culpatur
1174 2355 1246 2411 quae
1261 2340 1379 2412 propter
1395 2354 1460 2397 cae·

288 2458 315 2500 ιι
325 2439 428 2509 leetia,
455 2455 512 2497 non
527 2441 647 2512 propter
661 2440 777 2497 terrene
799 2439 956 2512 colligitur.
987 2439 1093 2498 uiderit
1117 2441 1143 2497 si
1158 2441 1223 2513 quis
1238 2439 1300 2498 illic
1314 2440 1460 2512 improbus

271 2602 272 2605 ,
326 2540 481 2601 luxuriosis
496 2539 646 2613 optutibus
661 2539 766 2611 fuerit,
789 2540 869 2600 nullo
883 2541 966 2600 modo
981 2541 1104 2601 alterum
1114 2541 1206 2601 laedit
1219 2541 1268 2617 qni
1284 2557 1341 2602 non
1355 2542 1393 2602 ad
1407 2542 1462 2601 ho·

324 2643 429 2702 minem
444 2641 494 2701 sed
509 2642 546 2701 ad
561 2640 708 2700 Christum
722 2657 775 2714 pro
796 2641 892 2700 salute
906 2642 1056 2716 processit.
1079 2643 1149 2717 quin
1163 2644 1250 2702 etiam
1265 2644 1299 2702 de
1315 2643 1376 2702 suis
1391 2661 1461 2703 con-

327 2744 548 2804 tredictionibus
564 2743 789 2803 contradictores
805 2743 961 2817 excludam,
983 2751 1088 2805 utnon
1102 2745 1174 2804 meis
1190 2747 1240 2804 sed
1255 2746 1316 2805 suis
1330 2745 1461 2820 proposi-

325 2844 454 2904 tionibus
469 2846 581 2903 oedant.
610 2844 636 2902 ai
651 2843 727 2902 inter
741 2843 818 2903 festa
832 2862 914 2905 sacra
928 2850 1024 2918 potest
1039 2849 1195 2907 communis
1210 2848 1361 2906 connectio
1376 2862 1462 2906 scan-

290 2971 316 3012 sc
326 2946 446 3006 delizari
472 2946 522 3004 nbi
545 2948 703 3020 temptator
717 2947 747 3005 et
762 2947 825 3020 ipse
840 2947 973 3008 diabolus
989 2948 1096 3020 tremit,
1122 2949 1187 3021 quis
1202 2947 1265 3006 illic
1279 2950 1413 3008 stabilem
1428 2964 1459 3009 se

322 3065 386 3110 esse
401 3047 547 3122 promittit
561 3047 612 3106 ubi
626 3049 783 3122 temptator
795 3050 934 3109 audenter
948 3051 1093 3109 occurrit?
1108 3052 1137 3109 et
1153 3049 1251 3109 eiillic
1261 3050 1461 3124 periclitemur

322 3151 373 3210 ubi
388 3149 442 3209 Dei
453 3151 606 3223 praecepta
620 3166 673 3207 noe
688 3153 880 3224 congregant,
907 3151 976 3223 quid
991 3150 1103 3223 agimus
1118 3150 1168 3208 nbi
1183 3151 1235 3208 Dei
1250 3151 1330 3210 iussa
1345 3167 1398 3211 noe
1413 3169 1461 3211 ee·

322 3255 449 3327 parant?
464 3254 495 3310 et
510 3251 535 3310 si
550 3253 700 3311 turbemur
714 3250 777 3310 illic
791 3251 840 3311 nbi
853 3252 905 3312 Dei
917 3248 1067 3312 uoluntate
1079 3251 1232 3324 munimur,
1249 3255 1356 3325 quanto
1368 3252 1463 3328 magis

322 3354 373 3412 ubi
387 3371 444 3412 non
460 3354 553 3412 solum
565 3353 712 3412 diabolum
728 3355 778 3412 sed
794 3354 880 3412 etiam
897 3353 1048 3412 Dominum
1062 3354 1198 3413 habemns
1210 3356 1384 3414 aduersum?
1397 3371 1462 3414 cum

395 3617 504 3673 10001.
522 3618 549 3687 3,
568 3619 613 3672 11.

394 3873 428 3926 11
446 3873 516 3927 acite
534 3873 558 3928 0
661 3874 696 3929 14
713 3876 755 3928 est
773 3873 900 3930 discretio
918 3890 934 3929 o
1038 3873 1082 3928 cui
1100 3873 1129 3939 0,
1148 3873 1195 3928 nbi
1213 3888 1230 3926 ιι
1334 3872 1368 3927 16
1386 3888 1461 3928 reno·

325 3963 405 4015 natur
423 3975 458 4014 cx
475 3962 598 4014 teneatur
621 3959 695 4016 Οιι
714 3963 735 4014 2
881 3960 972 4030 petius
991 3959 1037 4015 sed
1060 3960 1083 4016 0
1219 3961 1252 4015 18
1270 3959 1428 4030 alicuine·

325 4047 359 4101 19
376 4045 418 4116 de]
437 4045 484 4099 sed
501 4045 534 4099 de
552 4043 575 4099 G
592 4044 640 4099 sed
658 4060 721 4114 exp.
738 4061 774 4099 ιιι.
792 4050 811 4100 2
915 4049 1009 4100 nostre
1026 4045 1055 4110 0,
1074 4047 1166 4099 uestm
1182 4061 1200 4100 o
1310 4045 1346 4099 20
1362 4045 1464 4099 uiderit

330 4132 360 4195 0,
378 4147 472 4186 uerum
489 4133 582 4184 nmen
600 4131 645 4184 osci
663 4130 734 4200 quod
752 4148 768 4187 o
906 4131 1045 4201 improbus
1063 4148 1114 4187 om.
1132 4149 1149 4187 c
1281 4132 1317 4186 ‘24
1333 4146 1410 4186 sacre
1432 4131 1462 4197 O,

326 4220 454 4273 sanctae
555 4215 590 4271 25
606 4217 636 4270 et
653 4215 711 4284 ipse
728 4215 759 4282 0,
777 4217 870 4287 ipseo
973 4217 1127 4273 stabilemu
1145 4217 1169 4273 0
1259 4217 1295 4273 26
1311 4216 1386 4273 nubi
1408 4217 1431 4274 0
