3720 4920
1367 359 1508 407 LXXXIX

361 494 563 572 instituisset,
585 494 832 577 discrepantium
853 494 1079 577 scripturarum
1096 494 1291 559 existimatio
1307 513 1370 560 non
1385 494 1510 577 peterat

363 623 424 672 non
449 623 515 670 esse
537 603 691 688 ambigua
711 606 744 670 et
762 604 895 671 lubrica.
919 606 1063 688 equidem
1079 606 1116 670 ut
1135 623 1192 687 par
1212 605 1329 670 eratin
1345 603 1510 687 impeditis

364 717 397 782 et
419 715 519 781 uariis
546 711 805 798 Cyprianicomm
835 715 977 781 codicum
1007 714 1241 781 condicionibus
1271 713 1511 799 diligentiorem

364 846 491 912 operam
510 826 545 891 in
564 826 625 892 hac
650 826 834 909 quaestione
860 825 1020 905 collocari,
1048 844 1144 909 quam
1159 826 1188 891 si
1202 824 1283 891 uiris
1312 824 1414 892 doctis
1439 843 1513 908 pro·

364 938 490 1017 bauero,
519 937 670 1020 quattuor
699 935 765 1002 fere
790 955 940 1002 annomm
963 934 1156 1002 indefessum
1182 936 1324 1002 laborem
1351 954 1413 1018 quo
1438 936 1513 1019 plus

366 1048 576 1133 quadraginta
595 1047 695 1114 libros
716 1047 838 1114 excussi
860 1047 939 1112 satis
953 1047 1087 1130 praemii
1101 1050 1232 1112 nactum
1247 1063 1315 1112 esse
1329 1043 1463 1129 putabo,
1479 1047 1514 1113 in

365 1157 457 1224 rebus
472 1157 725 1244 orthographicis
740 1157 976 1240 antiquissimos
990 1157 1099 1242 libros,
1115 1155 1358 1241 Seguierianum
1372 1157 1407 1222 in
1418 1156 1514 1224 libel·

365 1269 416 1347 lis,
431 1268 466 1333 in
477 1246 624 1352 epistulis
634 1269 756 1352 primae
766 1268 908 1334 familiae
920 1269 1203 1346 vindobonensem,
1215 1267 1514 1352 wirceburgensem

368 1378 466 1445 etiam
481 1379 514 1445 et
525 1379 714 1446 lhecensem
729 1381 856 1445 secutus
872 1399 944 1445 sum
957 1378 1101 1445 barbarie
1115 1376 1284 1462 et'plebeis
1298 1377 1435 1458 reiectis,
1450 1378 1515 1444 nisi

365 1490 448 1555 forto
474 1508 511 1561 ea
535 1490 575 1555 ab
602 1491 729 1556 anctore
758 1490 827 1572 ipso
855 1490 995 1573 prolecta
1021 1508 1089 1555 esse
1114 1488 1271 1555 librorum
1299 1506 1451 1555 consensu
1477 1492 1516 1556 ut

366 1599 522 1665 crederem
545 1599 732 1665 adducebar.
755 1599 795 1664 ab
809 1598 850 1663 iis
865 1617 939 1665 uero
959 1597 1015 1664 ubi
1035 1598 1161 1678 recessi,
1183 1599 1333 1682 grauiora
1348 1600 1381 1664 et
1394 1599 1516 1665 rariora

365 1708 491 1775 enotaui
517 1708 696 1795 diligenter,
722 1709 845 1774 minora
869 1727 931 1774 non
956 1708 1045 1787 item,
1071 1708 1163 1776 uelut
1189 1708 1363 1791 inquibus
1388 1704 1515 1774 summa
1552 1701 1554 1705 ’

366 1819 660 1900 antiquissimorum
690 1819 803 1885 horum
831 1819 985 1884 librorum
1016 1819 1156 1884 comitur
1185 1819 1409 1898 inconstantia,
1445 1818 1516 1885 dico

366 1928 646 1994 commutationem
667 1929 907 2023 litterarumlcc
921 1929 954 1994 et
968 1949 993 2014 e,
1013 1931 1076 1994 cet
1089 1928 1113 2008 i,
1129 1947 1151 2011 y
1166 1931 1199 1995 et
1213 1930 1237 2011 i,
1253 1950 1276 1995 u
1292 1930 1325 1994 et
1339 1928 1368 2009 b,
1378 1928 1428 2010 pt
1443 1930 1476 1994 et
1488 1928 1518 2012 f,

366 2037 401 2104 tt
421 2040 454 2104 et
467 2044 490 2119 l,
512 2039 573 2105 tet
587 2039 619 2118 d,
642 2041 880 2106 consonantium
901 2039 1095 2123 liquidarum
1117 2039 1374 2125 geminationem,
1395 2039 1517 2122 aspira·

367 2149 488 2216 tionem
501 2149 596 2217 modo
611 2150 753 2217 additam
767 2151 860 2217 modo
875 2152 1060 2237 neglectam,
1075 2150 1346 2236 praepositionum
1357 2149 1517 2216 assimila-

368 2260 496 2326 tionem.
522 2261 600 2327 haec
629 2262 729 2328 semel
750 2263 802 2326 uel
825 2262 1011 2345 aliquotiens
1037 2263 1204 2328 adnotasse
1230 2262 1308 2326 satis
1333 2260 1432 2325 habui
1454 2260 1518 2325 nisi

371 2368 426 2435 ubi
449 2370 529 2435 talia
550 2371 591 2436 ad
613 2370 867 2456 inuestigandum
890 2372 1078 2454 scripturam
1102 2390 1212 2437 ueram
1234 2370 1357 2453 aliquid
1380 2370 1517 2436 conferre

370 2479 563 2545 uiderentur.
590 2480 666 2545 huic
689 2480 877 2563 praefationi
902 2481 997 2546 tinem
1021 2481 1182 2562 imponere
1204 2497 1266 2545 non
1287 2497 1425 2561 possum,
1453 2478 1519 2543 nisi

369 2589 449 2655 uiris
475 2589 668 2657 doctissimis
694 2592 814 2676 gratiae
839 2608 930 2676 egero
954 2589 1110 2656 maximas
1137 2590 1192 2673 qui
1216 2589 1292 2655 huic
1314 2608 1408 2656 curae
1429 2608 1519 2656 meae

370 2717 497 2785 operam
533 2719 626 2767 suam
658 2701 798 2767 humane
833 2713 961 2766 nauare
983 2701 1162 2781 uoluerunt,
1199 2686 1347 2782 inprimis
1381 2698 1520 2764 Ioanni

370 2809 522 2877 Vahlen
558 2811 610 2877 cui
641 2811 726 2896 grati
761 2812 861 2877 animi
893 2810 1085 2877 testificandi
1115 2828 1216 2875 causa·
1235 2810 1317 2875 hanc
1347 2808 1519 2875 editionem

370 2918 487 3000 docui,
518 2920 631 2987 deinde
660 2920 798 2988 Oarolo
827 2922 957 3000 Halm,
993 2920 1173 3006 Augusto
1202 2917 1518 3014 Reifferscheid,

370 3028 1519 3115 GuilielmoduRieu,LeopoldoDelisle,AntonioRuland,

371 3140 423 3206 W.
439 3140 576 3220 Nolte,
592 3140 731 3209 Oarolo
746 3143 1015 3220 hldenhoren,
1030 3139 1211 3225 Augusto
1227 3138 1264 3206 O.
1279 3140 1338 3206 Fr.
1354 3141 1519 3221 horona,

371 3252 425 3334 qui
449 3253 566 3336 partim
595 3253 749 3318 librorum
778 3273 874 3319 manu
903 3253 1090 3335 scriptorum
1116 3250 1198 3315 mihi
1223 3251 1348 3334 copiam
1377 3252 1521 3317 fecerunt

369 3362 486 3446 partim
507 3381 559 3430 eos
579 3363 716 3430 officiose
736 3363 937 3446 inspexerunt
956 3382 1123 3446 meumque
1142 3362 1177 3428 in
1191 3380 1286 3428 usum
1307 3362 1519 3428 contulerunt

413 3472 532 3556 Scripsi
548 3473 753 3541 vindobonae
767 3493 874 3549 mense
887 3473 1034 3560 Augusto
1049 3494 1079 3541 a.
1097 3473 1193 3540 1870.

1099 3863 1308 3930 Guilelmus
1331 3861 1476 3926 llartel.
