3720 4920
402 323 465 389 204
874 320 1061 390 appendix.

401 496 466 539 nom
480 481 675 540 tantummodo
690 479 850 552 memorari,
872 480 948 552 quod
962 463 1057 538 Dauid
1068 478 1165 538 docuit
1179 479 1292 539 dicens:
1309 479 1396 537 mihi
1411 481 1533 537 autem

402 581 638 641 uehementer
678 580 924 641 honorificati
964 585 1052 640 sunt
1089 580 1196 640 amici
1225 581 1295 651 tui,
1325 579 1436 639 Dens.
1466 581 1534 638 eant

400 698 476 742 nunc
491 684 646 757 praedones
660 682 777 758 pudoris
792 687 822 743 et
833 681 970 757 plagiarii
981 681 1127 742 castitatis
1138 680 1312 741 mulierculis
1323 681 1384 741 suis
1395 695 1533 754 exponere

403 789 552 848 molestias
567 788 756 862 querelarum.
786 790 862 862 apud
889 790 1005 848 sanctos
1019 791 1133 848 nostros
1148 805 1203 846 non
1219 788 1328 846 habent
1341 788 1455 847 omnino
1469 787 1532 847 suf·

403 889 524 965 fugium,
548 891 652 965 quibus
666 890 779 950 misceri
795 890 917 951 ecclesia
931 888 1103 950 auctoritate
1119 888 1204 947 Pauli
1217 888 1341 962 apostoli
1354 888 1555 963 prohibemns

401 993 441 1052 et
469 994 553 1065 hos,
584 990 693 1067 inquit,
723 992 862 1052 deuita:
904 1009 945 1051 ex
974 991 1036 1050 his
1066 990 1164 1051 enim
1193 994 1281 1050 sunt
1313 991 1373 1065 qui
1403 993 1535 1065 repunt

404 1096 443 1154 in
473 1095 594 1155 domos
623 1098 658 1154 et
687 1095 863 1169 captiuas
903 1095 1042 1153 ducunt
1081 1095 1323 1154 mulierculas
1360 1099 1535 1155 onerates

400 1196 569 1272 peccatis
602 1214 693 1271 quae
723 1198 913 1256 ducuntur
942 1196 1061 1256 uariis
1090 1196 1306 1255 desideriis.

348 1301 389 1360 28
443 1299 514 1358 Post
527 1300 582 1359 hoc
597 1299 721 1358 edictum
736 1298 849 1357 utinam
866 1298 1010 1357 confidant
1032 1298 1089 1358 sibi
1104 1299 1270 1372 angolorum
1286 1299 1415 1373 exempla
1426 1298 1534 1357 condu-

401 1417 476 1462 cere.
506 1419 558 1461 nos
573 1403 630 1461 iam
645 1419 701 1461 non
716 1401 817 1461 ualent
831 1402 964 1472 flectere,
980 1402 1030 1476 qui
1044 1402 1177 1461 nouimus
1192 1405 1223 1461 et
1236 1402 1355 1475 angelos
1370 1419 1434 1460 cum
1449 1401 1533 1461 femi·
1543 1417 1570 1457 ro

404 1504 450 1563 nis
464 1503 610 1563 cecidisse.
638 1505 675 1562 ab
691 1503 765 1578 ipsis
782 1503 917 1576 equidem
938 1506 1011 1563 bene
1026 1503 1188 1578 patrocinia
1203 1507 1384 1575 mutuantur,
1415 1505 1466 1562 sod
1480 1521 1534 1563 nos

402 1604 512 1663 nullum
531 1605 666 1678 angelum
680 1605 814 1665 audimus
828 1608 929 1664 eontra
943 1604 1065 1664 Paulum
1080 1605 1250 1679 apostolum.
1273 1607 1334 1664 sed
1349 1608 1386 1664 ot
1407 1604 1441 1663 si
1459 1622 1533 1676 nos,

401 1707 512 1781 inqnit,
540 1710 612 1766 'aut
646 1706 802 1781 angelus
831 1707 871 1766 do
901 1707 1002 1766 caelo
1043 1705 1379 1781 euangelirauorit
1420 1707 1534 1778 uobis,

400 1810 773 1882 praeterquamquod
802 1808 1151 1881 euangelirauimns
1182 1809 1303 1880 uobis,
1338 1808 1535 1867 anathema

400 1912 468 1970 sit.
499 1911 647 1970 insaniunt
667 1927 785 1983 prorsus
808 1913 837 1969 et
859 1910 955 1969 calent
970 1910 1101 1969 incendio
1117 1910 1296 1981 feminarum,
1312 1912 1451 1984 quotquot
1465 1908 1532 1967 huic
1543 1927 1567 1967 re

402 2011 597 2071 interdictioni
614 2029 670 2070 non
685 2012 806 2082 cedunt,
832 2014 862 2069 et
887 2012 1130 2070 obscoenitatibus
1157 2012 1301 2070 inhiantes
1326 2011 1437 2070 malunt
1450 2012 1533 2081 mori,

401 2128 488 2185 quarn
510 2112 635 2171 contenti
651 2113 710 2170 sint
735 2129 753 2169 a
778 2112 918 2170 lateribus
932 2112 1083 2170 mulierum
1106 2113 1204 2185 aliqua
1218 2112 1406 2171 disiunctione
1420 2110 1531 2184 diuelli,

401 2216 434 2272 ut
448 2215 485 2272 ad
501 2214 670 2287 explendam
692 2231 760 2273 suae
782 2213 933 2273 auiditatis
959 2213 1096 2272 inluuiem
1121 2213 1208 2273 etiam
1231 2214 1260 2272 in
1275 2217 1379 2287 puncto
1394 2212 1531 2286 temperis

400 2332 456 2374 non
472 2315 608 2375 sinteino
623 2315 745 2375 feminae
760 2316 920 2388 uoluptate,
951 2318 982 2373 et
995 2316 1071 2373 hunc
1086 2316 1194 2374 habent
1209 2316 1238 2373 in
1261 2315 1428 2375 mulieribus
1451 2317 1529 2375 truc·

398 2419 471 2488 tum,
483 2418 517 2474 ut
531 2416 561 2474 in
574 2416 640 2475 illas
655 2433 767 2489 semper
779 2416 871 2475 defixa
885 2415 1044 2475 intentione
1059 2417 1200 2476 desideria
1211 2417 1318 2476 satient
1328 2417 1480 2490 oculorum,
1493 2434 1529 2478 ne
1538 2431 1565 2473 so

400 2518 448 2576 nel
464 2521 637 2577 momentum
652 2518 767 2591 aliquod
782 2521 922 2589 transeat,
950 2519 1062 2590 quando
1077 2517 1262 2591 indiguerunt
1283 2518 1359 2592 quod
1372 2519 1529 2578 adiectam.

399 2620 442 2680 sic
459 2620 535 2679 inter
549 2637 598 2680 eos
609 2620 764 2692 integritas
775 2621 922 2691 emoritur,
938 2620 986 2678 ubi
998 2619 1091 2678 omnis
1100 2621 1281 2680 commoratio
1293 2637 1344 2680 seu
1355 2620 1530 2681 conuiuendo

400 2737 451 2780 sou
476 2722 678 2781 commanendo
704 2722 847 2795 corruptis
874 2721 1083 2780 adfectionibus
1110 2722 1285 2795 inquinatur.
1316 2739 1386 2795 qnos
1414 2727 1530 2782 sanctus

399 2823 504 2882 Petrus
526 2823 859 2897 designaueratdicens:
890 2823 926 2880 in
957 2823 1241 2883 conuiuiissuis
1268 2823 1530 2897 luxuriantes,

397 2924 527 2984 oculos
560 2925 742 2984 habentes
782 2924 911 2998 plenos
941 2926 1269 2984 moechationibus
1298 2930 1337 2985 et
1365 2927 1565 2985 incesse-ee

398 3026 543 3087 bilibus
567 3027 739 3097 delictis,
770 3026 964 3101 capientes
990 3028 1135 3086 animas
1159 3028 1342 3087 infirmes.
1374 3028 1530 3088 hosatiam

467 3268 482 3319 1
501 3266 544 3319 Pe.
563 3266 623 3330 138,
641 3268 682 3320 17.
885 3267 902 3320 6
920 3266 948 3320 11
965 3267 1034 3322 lim.
1054 3267 1078 3330 3,
1098 3269 1122 3321 5.
1328 3269 1363 3322 12
1381 3269 1439 3323 Gal.
1461 3270 1485 3334 1,
1503 3271 1528 3324 8.

396 3353 432 3407 24
449 3351 478 3406 11
496 3350 568 3405 Patr.
585 3352 611 3417 2,
630 3351 739 3406 13-14

465 3593 480 3644 1
500 3607 645 3645 memorare
666 3591 700 3647 0¹
839 3592 947 3660 quosO
1100 3591 1295 3646 ecolesimo
1433 3592 1448 3644 7
1467 3607 1528 3660 cep-

397 3676 469 3730 tiuas
486 3675 597 3746 ducant]
617 3677 758 3746 captiuant
775 3692 811 3731 cx
829 3677 951 3745 captiuas
972 3676 1046 3732 Om.
1065 3679 1083 3728 2
1232 3676 1265 3728 12
1283 3675 1436 3729 audiuimus
1459 3676 1494 3731 0¹

397 3761 443 3816 sed
461 3765 489 3816 et
501 3761 532 3826 0,
549 3765 611 3817 etc
714 3778 762 3815 nos
780 3763 870 3831 inquit
892 3763 926 3827 O,
944 3762 1035 3830 inqnit
1052 3777 1135 3831 egeo
1239 3763 1273 3816 13
1290 3762 1322 3816 de
1340 3763 1413 3817 caelo
1436 3763 1466 3826 0,
1484 3762 1527 3817 dei

397 3847 478 3900 aliter
494 3865 511 3903 v
604 3848 638 3901 15
655 3851 683 3901 et
700 3848 791 3902 calent
808 3847 931 3902 incendio
953 3848 982 3911 0,
1002 3846 1095 3901 ardent
1113 3846 1243 3917 desiderio
1261 3865 1278 3902 c
1382 3848 1415 3901 18
1433 3846 1526 3916 inglu·

396 3931 502 3985 nieme
611 3931 640 3986 in
657 3947 743 3987 ormo
851 3932 887 3985 20
904 3931 995 3986 illiso
1102 3931 1316 4001 211111111ιί11ίῖι
1423 3932 1529 4001 quando

396 4033 449 4071 non
476 4017 568 4072 Geed
589 4033 644 4071 non
668 4034 729 4086 exp.
754 4021 825 4072 Μ
1019 4016 1177 4084 indigerent
1204 4017 1248 4083 0¹,
1275 4016 1415 4085 indigeant
1441 4018 1495 4072 Οὐ

395 4103 430 4157 22
448 4118 553 4156 eon-seu
571 4103 600 4166 O,
618 4103 746 4156 siue-sine
763 4121 781 4158 e
880 4103 917 4157 24
933 4105 1026 4172 petrus
1044 4102 1182 4172 apostolus
1200 4117 1216 4156 v
1308 4102 1462 4171 designauit
1480 4118 1496 4157 c

395 4188 430 4242 26
444 4188 503 4249 besl
516 4204 569 4241 nen
582 4187 740 4243 hincnosG
757 4188 868 4242 sednon
881 4203 943 4256 exp.
962 4187 1096 4242 ethince.
1110 4189 1127 4241 l.
1140 4191 1206 4241 Μ
1281 4190 1364 4240 etiem
1376 4188 1444 4241 itae
