3720 4920
527 338 573 392 De
589 336 849 408 singularitate
866 336 1072 391 elericorum
1090 351 1113 390 e.
1131 334 1244 390 21-23,
1393 339 1454 405 199

314 496 459 557 incertum
471 496 616 557 subiceret
626 493 810 570 temptationi
822 493 940 555 cameli.
956 495 1031 555 unde
1042 494 1106 570 ipse
1116 489 1257 556 rationem
1273 492 1315 554 sic
1328 491 1454 554 reddidit

314 601 428 660 dicens:
451 617 532 674 ego,
555 598 665 672 inquit,
688 598 880 669 siocurro,
903 599 1094 672 nonquasi
1116 599 1152 656 in
1174 598 1372 668 incertum,
1400 595 1454 656 aio

314 718 453 777 pugno,
486 719 556 761 non
579 700 689 776 quasi
712 716 832 759 aerem
854 699 1025 773 caedens,
1061 702 1129 760 sed
1151 698 1298 773 adiligo
1320 715 1453 771 corpus

313 821 425 863 meum
448 807 483 864 et
505 804 541 862 in
563 803 784 863 seruitutem
801 802 940 877 redigo,
956 819 998 862 ne
1013 800 1452 874 fortealiispraedioams

293 905 397 979 eipae
412 907 594 980 reprobus
616 904 798 964 inueniat.
821 904 889 964 lnnic
904 920 973 978 ergo
989 906 1019 962 te
1034 920 1168 977 conpara,
1184 904 1234 976 qui
1248 906 1278 961 te
1292 902 1453 975 apostolum

314 1007 405 1067 iactas
420 1010 450 1067 et
465 1024 499 1065 ox
514 1007 578 1081 ipso
594 1006 671 1065 disco
687 1005 757 1080 quid
772 1006 902 1077 metuas,
931 1004 982 1080 qui
1008 1005 1115 1065 clamat
1136 1007 1166 1064 et
1181 1004 1266 1064 dicit:
1289 1020 1351 1063 oro
1373 1018 1452 1074 uos,

313 1110 527 1170 imitatores
552 1109 625 1168 mei
647 1111 777 1169 estote.
811 1107 906 1168 noluit
928 1108 1026 1182 itaque
1049 1109 1085 1167 de
1107 1107 1275 1167 mulieribus
1290 1107 1453 1166 circumdu-

313 1213 411 1272 cendis
426 1212 532 1271 habero
548 1211 689 1283 fiduciam,
716 1211 766 1285 qui
787 1228 844 1271 non
860 1210 1012 1285 ignorabat
1036 1213 1175 1285 quantum
1190 1209 1265 1268 aliae
1278 1209 1403 1267 uirtutes
1416 1207 1453 1265 ab

313 1314 379 1375 aliis
405 1315 564 1374 uirtutibus
590 1314 737 1375 differrent
763 1315 794 1372 et
819 1312 906 1371 eliam
923 1313 1086 1372 claritatem
1111 1312 1184 1371 solie
1205 1315 1236 1370 et
1256 1312 1341 1370 lunae
1355 1309 1452 1380 aliam,

279 1417 402 1483 rneliam
416 1432 484 1474 uero
509 1415 674 1488 stellarum,
691 1415 725 1474 de
752 1414 976 1474 charismatibus
1003 1413 1208 1474 ecclesiasticis
1235 1412 1453 1472 similitudinem

314 1535 474 1592 conparans
489 1518 685 1577 intimauerat.
716 1519 767 1577 sed
782 1535 835 1576 nos
851 1520 952 1576 contra
975 1518 1010 1576 de
1033 1516 1193 1589 apostolice
1215 1515 1297 1575 nobis
1313 1532 1452 1588 coaequa-

313 1621 392 1680 tione
417 1621 597 1691 blandimur,
628 1637 685 1679 non
711 1619 893 1678 intendentes
920 1620 1036 1692 penitus
1062 1618 1138 1692 quid·
1157 1617 1281 1690 apostoli
1306 1620 1337 1676 et
1359 1619 1452 1677 aanor

313 1740 411 1783 omnes
434 1721 543 1781 inuicta
568 1722 677 1780 uirtute
702 1725 874 1794 gesserunt,
905 1724 936 1780 et
961 1719 1110 1780 difficilem
1136 1736 1267 1793 rumpere
1289 1720 1453 1793 quaerimus

313 1824 402 1895 uiam,
429 1841 493 1882 cum
507 1840 558 1897 per
572 1822 670 1882 facilia
695 1823 809 1897 planior
834 1822 874 1882 sit
900 1822 985 1882 nobis
1000 1823 1137 1896 apposita
1164 1827 1264 1882 centn
1275 1822 1453 1881 Salomonem

280 1926 472 1990 radicantem:
489 1942 558 1985 non
573 1928 610 1985 te
630 1927 776 1997 credas,
800 1925 905 1999 inquit,
922 1925 1004 1985 niae
1026 1925 1258 1997 laboriosae,
1281 1941 1323 1985 ne
1338 1940 1452 1997 ponas
1489 2002 1492 2007 ,

314 2029 458 2088 animae
479 2031 564 2087 tuae
586 2027 813 2086 scandalum.
838 2044 892 2086 nec
918 2027 996 2086 ullus
1024 2027 1190 2087 considerat
1215 2026 1350 2100 quoniam
1376 2043 1451 2086 nnus

314 2145 432 2205 securus
448 2129 603 2188 inlubrico
618 2130 750 2201 graditur
778 2134 807 2187 et
829 2129 904 2187 alius
920 2129 970 2202 qui
992 2128 1076 2202 inpar
1092 2133 1137 2187 est
1151 2128 1275 2199 labitur,
1302 2145 1376 2187 unus
1402 2145 1453 2201 per

315 2246 404 2304 rnpes
416 2247 502 2288 cursu
514 2232 626 2289 montes
638 2230 770 2290 ascendit
781 2234 811 2288 st
822 2229 898 2290 alius
911 2230 936 2289 si
949 2247 981 2289 se
994 2230 1169 2289 courtauerit
1179 2230 1267 2301 cadit,
1279 2229 1329 2287 uni
1340 2231 1452 2288 contin·

313 2333 359 2407 git
374 2349 425 2406 per
440 2336 630 2407 tempestates
645 2333 765 2406 nauigia
779 2333 905 2393 feliciter
920 2333 1064 2407 explicare
1088 2336 1118 2393 et
1140 2333 1225 2393 alteri
1241 2332 1310 2393 talis
1325 2331 1452 2392 felicitas

279 2450 370 2494 eonon
385 2436 482 2508 potest
497 2435 621 2494 euenire.
652 2436 728 2507 quod
755 2435 866 2493 Paulus
880 2436 1029 2507 apostolus
1045 2435 1175 2494 decernit
1197 2435 1309 2495 dicens:
1341 2452 1447 2495 unus·

315 2539 490 2610 quisque,
522 2537 631 2611 inquit,
660 2538 853 2611 proprium
879 2539 1011 2597 donum
1036 2539 1152 2597 habet
1177 2555 1221 2597 ex
1243 2538 1331 2609 Deo,
1363 2555 1453 2596 unus

313 2639 458 2711 quidem
482 2640 545 2709 sic,
568 2637 668 2697 alius
691 2655 776 2699 uero
800 2638 861 2699 sic.

356 2742 411 2800 Sed
433 2743 482 2814 qui
512 2742 583 2800 milri
614 2743 649 2801 de
679 2746 844 2800 sanctorum
874 2743 1003 2816 exemplo
1033 2744 1246 2814 praeiudicant,
1269 2759 1357 2817 quare
1373 2741 1504 2800 alludit

312 2843 472 2915 exemplum
488 2843 589 2900 nolunt
604 2843 797 2916 contemplare
813 2845 889 2915 quod
904 2847 1052 2903 metuant:
1084 2846 1179 2918 etqui
1204 2844 1344 2918 apostolis
1370 2859 1453 2902 coae-

276 2962 301 3005 re
312 2945 396 3019 quari
412 2945 561 3005 contendit
576 2963 663 3018 quare
677 2963 736 3005 non
751 2947 845 3018 magis
860 2949 1044 3021 presbyteros
1055 2948 1203 3006 adulteros
1215 2948 1291 3019 apud
1302 2946 1451 3005 Danielem

311 3047 348 3104 ad
365 3047 546 3106 formidinem
562 3047 679 3106 sibimet
696 3047 757 3120 ipse
773 3049 930 3120 proponit?
953 3050 1026 3107 baec
1048 3053 1143 3108 autem
1158 3065 1214 3106 non
1230 3049 1293 3108 ideo
1313 3064 1449 3121 propono,

310 3151 344 3206 ut
360 3149 443 3223 quasi
459 3150 653 3222 apostolorum
669 3149 865 3208 imitatoribus
881 3151 1087 3222 contradicam,
1117 3151 1168 3209 sed
1192 3156 1225 3208 ut
1247 3149 1313 3210 illos
1328 3149 1448 3210 confun-

310 3252 376 3309 dam
392 3251 441 3322 qni
458 3268 488 3309 se
505 3251 614 3309 sanctis
629 3254 800 3323 exaequant.
829 3268 883 3310 nec
905 3269 978 3326 nego
1006 3251 1085 3323 ipsos
1111 3268 1173 3310 esse
1201 3253 1353 3311 emendos
1380 3268 1452 3324 quos

379 3484 428 3536 21
447 3484 505 3538 Cor.
524 3486 550 3547 9,
568 3484 611 3537 26.
629 3484 673 3536 27.
829 3483 878 3537 61
897 3483 957 3537 (tor.
975 3485 1001 3549 4,
1021 3484 1062 3537 16.
1225 3485 1258 3538 15
1276 3484 1328 3538 Sir.
1347 3484 1390 3548 32,
1408 3484 1450 3538 20.

310 3568 377 3622 201
396 3569 455 3623 Cor.
475 3570 500 3631 7,
519 3569 543 3621 7.

380 3791 547 3843 lincertum
569 3790 599 3854 G,
618 3791 794 3847 interitnmc
868 3793 993 3861 otenp.
1018 3791 1255 3861 0,eposc01umo
1329 3793 1449 3862 dquam·

309 3877 337 3929 te
359 3874 393 3931 θ’
481 3876 560 3945 aliae]
580 3876 618 3930 ali
641 3876 701 3931 Oc.
721 3878 739 3930 l.
757 3883 831 3933 m.2
917 3877 1114 3933 9diil'eranto
1200 3879 1283 3933 sliam
1301 3879 1417 3933 lnnaeo

310 3960 345 4013 18
362 3961 451 4029 rupes]
471 3960 589 4028 ripasG
699 3965 727 4015 et
744 3963 815 4015 alius
837 3964 866 4025 0,
885 3963 992 4018 alinea
1101 3965 1284 4019 marctauitn
1389 3979 1451 4018 con-

308 4044 376 4112 tigit
398 4045 433 4098 0¹
528 4045 663 4100 19ueuia
684 4047 718 4100 C¹
817 4047 1002 4115 explicareccc
1020 4048 1123 4117 explere
1145 4049 1257 4104 ΟΜ
1351 4049 1451 4119 23ᾳυί

309 4145 345 4183 ex
361 4129 474 4199 qnidG
601 4131 759 4200 praedicant
781 4133 814 4188 0¹
943 4150 1025 4202 quare
1046 4135 1076 4198 0,
1094 4134 1195 4202 quido
1321 4136 1357 4189 28
1376 4151 1451 4189 arae-

309 4217 428 4283 quento
