3720 4920
398 369 441 436 36
873 363 1061 433 Appendix.

395 520 487 584 ultius
507 521 602 584 iaceat
625 540 712 598 quam
730 524 809 582 unda
827 521 967 581 tumidum
983 521 1104 596 pelagus
1119 521 1288 595 exspuebet.
1312 520 1386 595 legis
1400 519 1538 596 scripturn

396 639 460 684 esse
475 640 567 698 usque
582 624 772 699 quadrantem
793 641 845 683 nos
859 625 992 683 ultimum
1006 625 1136 684 reddere.
1162 624 1214 683 sed
1234 624 1306 682 baec
1320 638 1367 682 res
1381 625 1426 682 est
1439 622 1539 682 ablata

397 725 584 799 martyribus.
608 726 713 786 etenim
729 726 779 799 qui
793 725 898 784 salutis
913 728 1047 785 aeternae
1062 724 1272 803 cupiditatibus
1287 723 1355 784 freti
1370 724 1446 783 uitae
1461 723 1538 784 desi·

396 826 478 887 deria
502 827 643 900 uicerunt,
672 829 726 888 hos
742 827 904 902 inexpertos
939 825 1047 886 doloris
1075 827 1226 886 uniuersos
1256 825 1371 886 Domini
1397 824 1539 899 promissa

396 928 539 990 fecerunt.
1548 955 1563 994 e

348 1027 389 1086 14
440 1031 536 1105 Igitur
550 1031 619 1090 hinc
632 1030 765 1106 primum,
791 1030 932 1090 carissimi
948 1031 1062 1104 mames,
1088 1029 1247 1104 poterimus
1261 1029 1418 1104 expendere
1433 1032 1540 1103 quanta

394 1132 526 1206 martyrii
545 1132 640 1192 uirtus
661 1132 755 1206 possit
773 1131 892 1206 inplere.
917 1131 1011 1205 adque
1032 1133 1066 1190 ut
1084 1134 1231 1191 transeam
1248 1132 1360 1204 cuncta,
1376 1129 1539 1191 meminisse

395 1233 530 1296 debemus
545 1236 655 1308 quanta
669 1234 709 1293 sit
722 1232 816 1308 gloria
826 1235 864 1293 ad
875 1232 1023 1293 Christum
1034 1232 1240 1292 inmsculatum
1255 1232 1365 1303 uenus,
1380 1234 1539 1292 consortem

395 1335 539 1410 passionis
555 1335 678 1395 existere
692 1338 885 1410 perpetuaque
900 1352 965 1395 cum
978 1334 1100 1395 Domino
1112 1334 1284 1394 aeternitate
1295 1349 1427 1408 regnsre,
1442 1349 1539 1392 carere

394 1436 491 1499 exitiis
506 1437 674 1497 inminentis
688 1436 795 1498 saeculi
816 1453 869 1496 nec
895 1436 971 1496 inter
991 1439 1110 1496 cruenta
1141 1437 1305 1497 morborum
1338 1435 1537 1509 populantium
1548 1459 1575 1499 io

394 1541 493 1611 stage
508 1538 650 1598 communi
665 1557 729 1598 cum
745 1539 846 1598 ceteris
858 1541 935 1599 sorte
955 1538 1079 1599 misceri.
1106 1538 1199 1612 adque
1221 1540 1255 1598 ut
1267 1537 1367 1596 sileam
1380 1538 1415 1596 de
1426 1553 1539 1618 corona,

394 1639 422 1698 si
440 1639 496 1698 tibi
516 1638 547 1697 in
568 1639 617 1698 his
640 1643 760 1698 naturae
785 1639 905 1699 lubricis
933 1639 1018 1698 malis
1038 1639 1132 1712 posito
1153 1638 1232 1697 uitae
1253 1637 1468 1712 promitteretur
1489 1653 1540 1698 ex·

395 1757 503 1812 cessus,
525 1758 618 1801 nonne
639 1741 716 1801 omni
736 1743 831 1801 mente
852 1742 1017 1815 gauderes?
1040 1741 1144 1815 siqua
1165 1745 1196 1801 te
1217 1741 1248 1800 in
1262 1741 1348 1800 huius
1363 1740 1461 1801 mundi
1475 1743 1540 1802 tur·

393 1842 510 1901 binibus
535 1842 722 1902 fluctuantem
748 1841 843 1901 uicina
868 1843 1026 1902 arcesseret
1049 1842 1181 1915 requies,
1213 1859 1308 1902 nonus
1337 1845 1456 1902 mortem
1488 1860 1539 1918 pro

394 1944 518 2004 remedio
533 1946 725 2017 conputares?
740 1943 851 2016 positus
869 1943 944 2002 inter
959 1960 1040 2003 arma
1053 1943 1218 2003 carnificum
1234 1960 1267 2002 ac
1280 1944 1341 2002 tela
1355 1943 1536 2017 probantium
1549 1963 1575 2005 rs

395 2046 611 2119 quaestionum,
637 2049 683 2105 sta
704 2045 835 2106 sublimis
863 2063 898 2105 ac
923 2046 1008 2105 fortis
1034 2046 1218 2106 considerans
1238 2048 1356 2120 'quanta
1382 2047 1421 2106 sit
1447 2065 1539 2121 poene

394 2163 502 2222 negare
524 2163 558 2208 eo
583 2150 787 2221 temporeque
810 2147 867 2207 frui
892 2148 1006 2207 saeculo
1026 2164 1164 2221 nequees,
1192 2148 1273 2208 cuius
1300 2165 1385 2208 causa
1405 2164 1539 2224 negaras,

395 2249 657 2324 quoniamquidem
669 2250 772 2323 grauia
782 2251 927 2308 tormenta
943 2267 977 2309 ac
991 2249 1128 2322 puniendi
1138 2251 1241 2310 noxias
1252 2254 1329 2310 artes
1343 2250 1373 2308 iu
1384 2251 1538 2324 perniciem

503 2429 519 2482 1
537 2429 573 2483 ci.
590 2428 691 2484 bietth.
709 2429 735 2493 5,
752 2429 797 2487 26.

467 2598 483 2651 1
501 2599 585 2652 iaciat
603 2597 705 2652 LNPo
818 2598 916 2652 undem
935 2615 952 2653 c
1065 2599 1187 2653 tumidus
1204 2598 1268 2664 ΒΡ,
1286 2601 1345 2652 tum
1364 2598 1438 2652 sidus
1457 2597 1507 2670 ΟΥ

395 2684 560 2739 2ultimum
578 2699 631 2740 om.
651 2683 674 2753 Ο
795 2684 850 2752 sed]
869 2683 914 2738 sed
935 2684 1034 2739 solisc
1155 2701 1197 2739 res
1215 2687 1258 2739 eet
1276 2685 1318 2748 N,
1337 2700 1379 2738 ree
1397 2683 1485 2738 Iasi.
1504 2683 1539 2747 P,

394 2785 457 2837 pers
477 2769 543 2839 ΟΥυ
664 2767 682 2824 3
701 2768 818 2821 aeternis
837 2769 861 2821 T
978 2769 1052 2839 freti]
1074 2769 1133 2822 fleri
1153 2769 1184 2839 Ο,
1202 2769 1265 2822 fidei
1287 2770 1325 2824 M
1339 2767 1382 2822 dei
1400 2770 1431 2822 is
1447 2784 1503 2822 ree.

394 2852 505 2907 huiusce
523 2853 581 2907 uite
601 2853 642 2923 Ο,
661 2854 735 2907 uitae
752 2853 863 2907 huiusce
882 2853 930 2916 To,
951 2852 1086 2910 uicesNP
1194 2854 1212 2907 4
1229 2854 1377 2922 inexpertes
1395 2852 1491 2917 LNP,
1510 2852 1539 2906 iu

394 2938 541 3006 inexpertis
560 2937 616 3008 ΟΥ,
638 2939 795 3006 experteso
919 2937 1023 2992 dolores
1040 2938 1158 3008 ΝΡΟΥ,
1177 2937 1313 2992 doloribus
1331 2938 1359 2992 L
1479 2937 1538 2993 uni·
1594 2953 1599 2965 ·

393 3023 464 3077 uersi
482 3022 562 3092 ΝΟυ,
578 3023 718 3089 {uniuersis
736 3022 767 3088 Υ,
785 3022 911 3076 uniuersa
928 3023 964 3087 P,
982 3025 1047 3075 sunt
1072 3023 1143 3075 uersi
1162 3023 1200 3076 M
1320 3023 1459 3091 promissa]
1478 3039 1538 3092 pro·

394 3108 448 3176 piis
467 3107 536 3177 ΟΥ,
553 3100 694 3175 praecepta
711 3123 736 3169 o,
753 3107 911 3186 propitiatio
937 3107 1026 3160 Oresa
1146 3107 1303 3162 biecerunt
1320 3123 1369 3161 ωιι
1390 3107 1447 3177 ΟΥ,
1465 3123 1538 3161 coro-

393 3195 444 3247 nat
465 3193 552 3246 Osos
639 3191 656 3244 6
672 3191 719 3245 hic
738 3190 769 3263 Ο,
787 3207 839 3246 om.
858 3191 885 3244 Υ
974 3191 1125 3261 expendere]
1145 3208 1273 3260 exponere
1292 3192 1358 3263 ΟΥυ
1443 3193 1461 3248 8
1477 3209 1537 3247 con·

394 3280 465 3332 sorte
485 3277 516 3343 Υ,
534 3278 669 3331 consertes
688 3278 726 3331 M
741 3278 901 3343 (consortem
921 3275 945 3345 Ο
1051 3277 1069 3331 9
1086 3279 1241 3347 perpetuam
1259 3277 1337 3349 ΡΥΟ
1423 3277 1540 3332 aeterni·

395 3365 482 3417 tatem
502 3363 528 3416 Τ
660 3364 688 3416 et
704 3363 737 3415 ut
754 3377 842 3417 cerere
861 3361 896 3422 Υ,
1022 3362 1056 3417 10
1073 3363 1161 3417 exitus
1179 3363 1207 3417 P
1336 3363 1538 3417 imminentibus

396 3448 462 3518 ΟΥυ
567 3449 691 3501 cruentas
703 3432 742 3501 M
750 3447 872 3500 sisarae.
886 3449 1008 3513 (cruenta
1021 3446 1064 3516 Q).
1076 3449 1245 3502 exuentsmc
1349 3447 1539 3517 papulantium
1558 3478 1571 3490 ·

393 3533 428 3599 L,
448 3532 690 3602 uapulantiumP
826 3532 859 3585 11
877 3533 996 3599 stragem
1014 3547 1039 3599 o,
1057 3533 1162 3601 strages
1180 3533 1216 3588 M
1356 3560 1394 3586 s·
1405 3532 1537 3587 communi

393 3618 437 3682 M,
449 3618 478 3671 iu
490 3618 625 3672 communi
640 3617 698 3687 ΟΥ,
718 3616 853 3670 communi
865 3616 1002 3671 communi
1014 3617 1080 3682 fort.
1155 3620 1254 3673 sortem
1268 3619 1296 3672 P
1369 3619 1466 3673 sileant
1479 3618 1505 3672 Υ

392 3703 425 3758 de
443 3702 550 3771 corone]
567 3701 675 3756 decoras
695 3702 747 3772 ΟΥ
865 3701 899 3755 12
918 3702 942 3754 si
963 3718 1014 3756 ern.
1034 3702 1086 3772 ΟΥ
1200 3705 1224 3757 si
1241 3704 1316 3758 uitae
1332 3704 1368 3758 M
1385 3704 1408 3758 si
1426 3720 1446 3759 e.
1464 3704 1536 3772 l.‘(si

392 3802 444 3844 em.
465 3788 500 3858 Ο)
574 3788 608 3841 13
624 3802 702 3840 omne
715 3787 766 3857 ΟΥ
834 3802 887 3855 qua
900 3786 937 3855 te]
950 3802 1004 3855 qun
1021 3813 1035 3840 ι
1048 3812 1062 3842 s
1075 3813 1089 3842 e
1104 3789 1149 3855 Μ,
1167 3790 1260 3857 quales
1274 3790 1305 3860 Ο,
1323 3792 1433 3859 inquam
1445 3791 1501 3845 tec

391 3872 594 3943 turbinisprie
612 3889 647 3927 ex
664 3888 696 3926 us
799 3872 833 3927 14
851 3871 1000 3926 fluctuante
1019 3873 1050 3941 T,
1067 3872 1198 3928 ductante
1216 3875 1240 3945 Ο
1347 3876 1486 3928 arcessiret
1498 3875 1535 3939 P,

392 3960 536 4013 arcerseret
553 3958 588 4022 L,
606 3958 752 4012 accerseret
769 3957 803 4012 N
935 3960 963 4011 et
980 3959 1084 4027 requies
1104 3959 1130 4012 Τ
1255 3960 1288 4015 16
1306 3960 1358 4029 sta]
1375 3960 1430 4013 ista
1447 3959 1533 4032 LQT,

392 4047 469 4098 stans
489 4062 507 4100 o
599 4058 631 4098 ac
648 4042 737 4111 fortis]
755 4042 893 4113 adpositus
913 4043 947 4098 N
1043 4043 1079 4100 17
1096 4060 1185 4113 nequa
1202 4061 1247 4100 eae
1266 4045 1302 4099 M
1320 4052 1446 4115 (nequeas
1465 4044 1498 4117 Ο)

391 4131 481 4199 causa]
499 4146 595 4186 caueae
615 4131 666 4201 ΟΥ
801 4145 910 4184 necares
933 4129 995 4200 ΟΥ,
1019 4146 1165 4200 negareso
1304 4131 1339 4186 18
1356 4131 1434 4202 quani
1453 4131 1503 4203 ΟΥ

390 4216 483 4271 noxios
503 4216 530 4271 Υ
631 4215 799 4269 interniciem
817 4214 845 4269 L
