3720 4920
378 327 421 390 58
853 319 1037 388 Appendix.

377 475 566 538 saecularium
580 476 742 550 principum
757 476 812 536 hoc
826 475 966 535 inuictum
980 476 1129 545 haberant,
1144 477 1218 549 qnod
1235 478 1265 533 et
1279 491 1335 534 non
1346 475 1511 532 metuerunt

378 579 506 653 exemplo
521 578 589 637 boni
613 578 738 652 pastoris
763 579 886 637 animam
902 595 983 636 suem
999 579 1122 649 tradere,
1139 577 1308 651 sangninem
1324 575 1442 634 fundere
1455 589 1511 633 nec

378 678 468 739 ullam
483 679 653 739 insanientis
668 679 785 754 tyranni
800 678 952 739 saeuitiam
967 695 1108 739 recusare.

348 783 367 839 7
420 781 494 842 Ecce
514 798 599 856 quarn
620 781 770 855 gloriosos,
796 797 881 854 qnam
897 780 1016 840 Domino
1043 797 1125 839 caros
1140 779 1315 838 schismatici
1330 778 1380 838 ieti
1405 777 1512 851 ligna

377 884 519 943 faenum
547 883 723 957 stipulam
745 883 890 956 appellare
911 898 967 940 non
990 882 1137 941 dubitant:
1160 898 1278 955 quornm
1300 897 1382 954 pares
1397 880 1451 939 boo
1466 880 1533 939 osta

377 984 407 1042 in
433 984 531 1044 eodem
555 984 674 1043 crimine
700 985 798 1057 lapsus
822 984 868 1043 sui
883 984 977 1043 adhuc
999 1000 1090 1056 usqne
1105 985 1277 1042 constitutos
1291 999 1344 1041 neo
1359 982 1396 1041 ad
1410 983 1510 1055 paeni·

377 1085 497 1144 tentiam
524 1084 716 1144 admittendos
742 1100 805 1144 esse
831 1087 1017 1157 praesumunt
1032 1103 1065 1143 ex
1080 1084 1134 1142 illa
1148 1084 1263 1144 Domini
1278 1082 1510 1157 pronuntiatione

377 1185 426 1259 qui
457 1186 517 1245 ait:
551 1186 610 1260 qui
642 1202 691 1244 mo
724 1185 923 1260 negauerit
954 1202 1075 1246 coram
1109 1185 1332 1256 hominibus,
1366 1184 1509 1258 negabo

377 1304 451 1347 enm
473 1305 588 1348 coram
609 1290 713 1361 patre
728 1304 802 1348 meo
817 1288 877 1362 qui
892 1290 950 1346 ost
964 1288 1001 1346 in
1015 1286 1142 1347 caelis.
1165 1305 1216 1362 pro
1231 1288 1311 1347 dolor
1326 1287 1395 1361 qnid
1410 1289 1511 1346 contm

378 1389 519 1448 dominica
533 1391 644 1448 statuta
658 1389 843 1460 contendunt,
868 1393 901 1447 ut
921 1405 956 1446 ea
975 1404 1048 1461 quae
1064 1388 1196 1447 Christus
1211 1388 1309 1447 iudicii
1324 1389 1368 1447 sui
1384 1391 1510 1459 tempora
1519 1407 1546 1446 no

377 1490 416 1550 sit
430 1494 547 1551 acturus
572 1491 643 1551 haec
667 1507 742 1550 nunc
767 1492 856 1565 stirps
882 1489 1039 1549 Nouatinni
1061 1489 1212 1563 patrissui
1227 1487 1509 1561 diaboliexemplnm

377 1594 468 1651 secuti
484 1592 575 1667 [nnnc]
592 1608 721 1651 exercere
742 1594 880 1652 conentur
895 1592 1008 1651 dicente
1024 1593 1180 1663 scriptura:
1195 1592 1282 1649 mihi
1297 1590 1510 1660 uindictam,

375 1697 411 1753 et
432 1711 496 1768 ego
518 1695 731 1764 retribuam,
754 1695 847 1753 uicit
868 1693 1051 1753 Dominus.

347 1793 366 1851 8
418 1794 661 1867 Respondebimus
676 1795 718 1853 eis
733 1798 763 1852 et
778 1797 813 1853 ad
830 1795 914 1853 istem
931 1796 1190 1867 pronuntiationem
1205 1794 1318 1853 Domini
1334 1809 1419 1867 quam
1434 1790 1509 1849 male

374 1894 548 1970 intellegunt
570 1898 600 1953 et
620 1897 695 1955 mule
718 1896 773 1954 sibi
806 1897 1041 1969 interpretantur.
1077 1898 1149 1970 quod
1178 1896 1253 1956 enim
1286 1894 1342 1952 eit:
1373 1895 1437 1968 qni
1458 1908 1544 1956 mera

374 1995 571 2068 negauerit
592 2015 713 2057 coram
736 1998 959 2068 hominibus,
983 2001 1018 2055 et
1040 2015 1104 2070 ogo
1127 1998 1269 2070 negabo
1293 2014 1368 2054 eum
1391 2011 1508 2053 coram

375 2101 481 2169 patre
503 2114 576 2157 meo
598 2099 661 2172 qui
682 2100 740 2156 est
761 2098 798 2157 in
821 2096 956 2169 caelis,
989 2099 1088 2172 ntique
1119 2098 1210 2156 futuri
1238 2097 1373 2170 temporis
1395 2094 1508 2175 signib-

375 2198 449 2258 catio
472 2201 525 2269 est,
548 2216 603 2272 quo
627 2201 751 2273 tempore
774 2199 893 2271 incipiet
913 2199 1050 2258 Dominus
1072 2203 1182 2257 secreto
1204 2198 1347 2258 hominnm
1371 2196 1507 2266 indicare,

374 2317 431 2374 quo
452 2303 579 2375 temporo
601 2301 739 2361 tribunali
762 2300 871 2360 christi
894 2318 992 2361 ornnes
1014 2318 1066 2360 nos
1088 2305 1200 2373 oportet
1214 2303 1339 2371 adstare,
1363 2316 1419 2373 quo
1433 2302 1507 2356 tem-

374 2417 442 2475 pore
463 2401 548 2461 multi
570 2402 708 2477 incipient
734 2401 842 2462 dicero:
876 2402 1026 2462 Domine
1048 2402 1212 2474 Domine,
1245 2418 1362 2460 nonne
1385 2403 1420 2459 in
1443 2403 1543 2459 tuero

372 2503 512 2562 nomine
545 2503 847 2578 prophetanimus
869 2509 905 2562 et
927 2505 962 2562 in
986 2507 1047 2562 tuo
1074 2505 1216 2562 nomine
1239 2503 1429 2562 daemonia
1449 2517 1506 2558 ex-

370 2602 563 2676 clusimus,
598 2608 634 2664 et
654 2605 690 2663 in
712 2607 775 2663 tuo
797 2605 943 2665 nomine
966 2607 1134 2664 uirtutes
1166 2603 1301 2663 multas
1323 2603 1504 2662 fecimus?

371 2707 402 2763 et
423 2708 491 2766 tnnc
513 2706 629 2765 audient
644 2723 742 2766 uocem
764 2707 877 2767 Domini
900 2708 1036 2768 dicentis:
1061 2707 1246 2766 discedite
1267 2723 1285 2764 a
1306 2724 1358 2765 me
1380 2721 1505 2766 omnes

371 2806 433 2877 qni
455 2807 599 2878 operati
627 2809 721 2867 estis
744 2808 999 2882 iniquitatem,
1032 2825 1100 2867 non
1127 2809 1214 2867 noui
1241 2824 1314 2867 uos.
1349 2806 1389 2865 ibi
1411 2807 1503 2864 adim·

370 2904 497 2979 plebitur
518 2908 592 2981 quod
618 2907 676 2968 ait:
711 2910 849 2983 negabo
871 2912 909 2969 et
930 2926 998 2983 ego
1020 2909 1118 2969 illos.
1153 2927 1224 2985 quos
1253 2910 1348 2968 entem
1383 2907 1538 2968 marimens

370 3008 489 3080 negabit
522 3008 660 3068 Dominus
694 3009 843 3081 christus,
876 3011 934 3069 nisi
967 3028 1019 3070 uos
1052 3027 1149 3070 omnes
1182 3011 1340 3069 haereticos
1368 3014 1398 3068 et
1424 3009 1503 3068 schi-

371 3109 506 3168 smaticos
534 3112 563 3168 st
590 3110 713 3170 nominis
743 3111 789 3169 sui
817 3112 947 3171 alienos?
981 3111 1031 3184 qni
1064 3113 1138 3170 enim
1160 3111 1312 3184 aliqnando
1346 3110 1503 3170 christiani

437 3316 456 3367 4
474 3313 506 3366 ci.
525 3313 539 3366 I
558 3314 616 3368 Cor.
635 3315 660 3379 3,
678 3316 721 3369 12.
852 3316 986 3370 8n1etth.
1008 3316 1049 3380 10,
1066 3315 1109 3369 33.
1246 3315 1279 3369 12
1297 3314 1377 3368 Hebr.
1398 3316 1439 3378 10,
1457 3313 1500 3368 30.

369 3397 404 3451 20
422 3397 523 3451 Matth.
541 3399 566 3461 7,
584 3398 626 3452 22.
645 3399 687 3456 23.
789 3401 824 3453 23
842 3401 881 3454 Ιο.
900 3399 925 3464 6,
944 3401 987 3455 68,

440 3586 455 3638 1
473 3585 591 3638 inuitum
611 3584 642 3638 K
771 3601 824 3639 non
842 3586 1004 3654 metuerunt]
1024 3590 1178 3640 meruerunt
1195 3586 1227 3639 K
1356 3587 1421 3640 201
1438 3601 1498 3639 san·

369 3669 513 3739 guinemo
616 3672 675 3739 nec]
693 3672 722 3724 et
739 3669 772 3723 K
858 3657 888 3724 '3
906 3671 1027 3724 insanies
1044 3671 1144 3724 mentis
1161 3670 1193 3724 K
1293 3672 1310 3724 6
1328 3672 1417 3739 lapsos
1435 3670 1468 3724 K

370 3753 386 3805 7
405 3755 535 3822 presumit
553 3755 583 3805 K
696 3754 778 3822 tiqui
795 3754 833 3818 K,
853 3771 906 3823 qna
924 3772 941 3809 o
1056 3756 1073 3808 9
1089 3756 1118 3808 in
1136 3756 1216 3809 caelis
1234 3758 1308 3808 este
1423 3754 1498 3824 qnid]

368 3838 416 3906 qui
432 3839 465 3893 Κ
566 3839 600 3893 10
617 3841 722 3894 statuta
740 3839 778 3905 K,
796 3843 970 3910 praeceptae
1073 3840 1211 3895 contendit
1228 3840 1261 3895 K
1363 3841 1393 3894 11
1413 3855 1498 3894 mern·

370 3924 445 3992 plnm
464 3924 565 3980 diaboli
584 3929 709 3979 mentae
825 3926 859 3979 12
876 3941 946 3979 nnnc
965 3942 1050 3981 orae
1163 3928 1273 3980 conetur
1289 3943 1305 3979 o
1421 3925 1454 3979 14
1472 3926 1498 3980 ei

369 4010 398 4062 et
415 4009 453 4075 K,
471 4010 543 4062 eise
646 4010 680 4063 15
696 4010 860 4079 intellegant
877 4028 894 4065 o
998 4012 1241 4078 interpretentnro
1345 4012 1376 4063 17
1394 4011 1423 4063 in
1442 4026 1500 4063 cae·

368 4091 404 4146 lis
423 4096 499 4149 este
612 4094 647 4147 20
664 4095 798 4163 incipiunt
816 4096 844 4146 K
956 4094 991 4151 21
1010 4095 1117 4148 nomine
1134 4097 1181 4148 tuo
1200 4111 1216 4148 e
1327 4095 1362 4148 23
1379 4097 1444 4149 tunc
1461 4094 1500 4161 K,

369 4181 459 4232 tamen
478 4197 493 4232 o
596 4179 630 4231 27
649 4179 751 4232 nomini
770 4180 802 4232 K
