3720 4920
369 327 431 399 133
841 323 1025 393 Appendix.

367 483 488 543 anima
510 499 595 541 mes.
618 499 671 541 nee
695 482 826 541 inmerito
849 482 987 540 Dominus
1010 481 1103 540 odioit
1117 483 1310 541 coeremonias
1325 485 1446 553 uestras,
1472 481 1502 539 in

367 586 472 661 quibus
500 586 617 644 unicum
632 588 662 643 et
684 586 851 657 primarium
877 583 969 643 filium
994 585 1058 644 eius
1080 586 1255 658 peremistis.
1279 585 1385 646 odiem
1400 586 1501 644 durum

366 690 396 746 et
412 688 513 746 horam
528 688 652 746 flebilem
667 690 697 745 et
712 685 937 746 sollemnitatem
959 685 1112 760 lugubrem
1127 689 1157 745 et
1179 688 1285 745 terram
1300 686 1458 746 infaustam
1473 689 1502 745 et

366 791 517 850 ciuitatem
533 790 681 862 profanam
697 791 727 846 et
742 788 877 861 populum
894 788 1007 846 Domini
1023 805 1090 848 nece
1108 792 1274 848 cruentum:
1297 789 1502 849 interfecerunt

367 892 444 951 enim
471 891 623 950 Dominum
658 893 688 948 et
719 891 860 947 latronem
886 890 1092 948 liberauerunt.
1128 892 1165 948 ob
1195 892 1269 948 hano
1294 907 1361 963 ergo
1389 907 1523 949 causams

368 997 484 1054 coactus
515 996 560 1052 est
589 993 728 1050 Dominus
766 992 859 1050 locere
896 1008 1000 1050 nouum
1031 995 1236 1050 testamentum
1265 993 1501 1066 consignantibns

368 1098 480 1169 septem
507 1093 659 1168 spiritibus
685 1097 761 1152 teste
786 1094 883 1168 Moyse
910 1096 939 1151 et
963 1092 1049 1152 Helie
1072 1093 1102 1151 in
1118 1097 1224 1166 niente,
1241 1094 1290 1153 ubi
1305 1096 1452 1166 prseeopit
1466 1111 1502 1153 ne

368 1197 519 1269 patefieret
546 1197 706 1266 scripturae
733 1197 951 1265 sacramentum,
978 1193 1035 1252 nisi
1062 1194 1140 1252 filins
1162 1195 1286 1253 bominis
1301 1196 1503 1253 resurrexisset

369 1299 404 1356 de
430 1298 563 1357 mortuis.
594 1298 645 1356 sed
671 1314 736 1356 mox
764 1297 888 1355 snrroxit
915 1296 1053 1357 Dominus
1079 1297 1168 1356 tertio
1195 1298 1250 1368 die,
1277 1297 1390 1371 speruit
1411 1300 1503 1356 testa·

368 1402 497 1462 mentum
524 1416 639 1468 nouum,
666 1400 869 1456 testamentum
885 1400 976 1457 nitele
996 1402 1083 1473 atque
1098 1399 1140 1457 ite
1155 1399 1245 1458 dixit:
1268 1388 1375 1459 ‘uenite
1391 1405 1538 1460 extersere

369 1502 483 1575 gentes,
511 1502 632 1559 heredes
658 1500 731 1560 mei:
756 1501 847 1560 isreel
874 1501 949 1560 enim
974 1518 1031 1560 non
1058 1501 1225 1560 obaudiuit:
1261 1507 1434 1576 quapropter
1464 1502 1503 1562 ite

370 1601 505 1674 discipuli
521 1603 551 1659 in
567 1602 699 1660 ultimam
714 1619 804 1674 usqne
817 1606 921 1661 terram
938 1605 967 1660 et
982 1602 1146 1674 praedicate
1161 1620 1213 1676 per
1228 1603 1323 1662 orbem
1337 1605 1383 1662 his
1395 1605 1499 1662 uerbis.

371 1703 469 1762 uenite
494 1704 620 1775 undique
635 1704 745 1776 patriae
767 1705 907 1776 gentium,
928 1704 1045 1763 introite
1071 1705 1102 1762 in
1128 1707 1274 1764 seternsm
1305 1706 1503 1778 hereditatem,

369 1807 461 1864 Israel
479 1806 555 1863 enim
572 1804 676 1863 noluit.
701 1823 736 1863 ne
752 1806 909 1864 dubitetis:
933 1807 1014 1864 nulle
1034 1806 1082 1865 hio
1096 1808 1226 1879 exceptio
1243 1810 1288 1864 est
1302 1825 1355 1866 neo
1369 1808 1501 1880 ingenui·

370 1907 441 1966 tatis
468 1924 521 1966 neo
546 1905 698 1980 dignitatis
725 1923 777 1965 nec
803 1908 976 1967 condicionis
1003 1924 1055 1966 nee
1080 1908 1232 1980 positionis
1255 1925 1307 1967 nec
1330 1908 1436 1968 formae
1451 1926 1538 1974 nocis

370 2011 486 2070 aetatis.
515 2009 586 2067 licet
613 2009 755 2082 dignitate
782 2010 935 2082 magnifici,
966 2009 1035 2069 licet
1061 2010 1182 2081 nobiles,
1213 2011 1282 2069 lieet
1311 2028 1403 2082 senes,
1436 2012 1505 2070 licet

370 2111 490 2171 iuuenes
506 2127 646 2183 pauperes
662 2111 766 2169 diuites
779 2111 846 2170 boni
859 2112 992 2186 malique,
1004 2111 1112 2170 domiui
1123 2115 1209 2185 atqcue
1222 2113 1299 2171 serni
1311 2111 1505 2171 indifferenter

370 2213 532 2287 aequaliter
559 2212 676 2270 introite
701 2212 729 2270 in
756 2213 961 2271 hereditatem:
990 2212 1046 2271 etsi
1060 2214 1181 2286 pedibus
1204 2217 1305 2285 eaptus
1329 2216 1416 2284 esset,
1442 2229 1505 2273 eor-

369 2332 439 2389 pore
463 2314 611 2383 deformis,
639 2315 695 2372 etsi
718 2313 841 2372 maculis
871 2314 963 2386 turpis
985 2318 1017 2373 et
1041 2315 1135 2387 capite
1160 2314 1298 2386 delectus,
1332 2315 1387 2373 etsi
1417 2315 1506 2374 oeulis

370 2417 518 2486 uiduatus,
543 2416 686 2474 uniuersis
708 2416 796 2474 libere
823 2415 890 2474 lieet
914 2416 1091 2475 discumbere
1120 2416 1149 2474 in
1180 2416 1311 2475 conuiuio
1339 2419 1369 2475 et
1398 2415 1542 2489 epuleriro

370 2519 488 2591 nuptias
502 2507 628 2591 sponsi'.

347 2633 365 2689 6
421 2622 465 2679 Ne
482 2620 623 2679 hominem
640 2619 747 2692 pudeat
761 2636 812 2678 nec
828 2621 933 2678 aetatis
948 2637 1000 2680 neo
1014 2621 1187 2680 humilitatis
1202 2638 1254 2679 nec
1269 2619 1440 2679 ualetudinis
1456 2637 1508 2680 nec

373 2723 564 2782 condicionis:
588 2723 737 2782 consueuit
756 2723 831 2782 enim
855 2723 994 2782 Dominus
1015 2724 1177 2783 huiusmodi
1199 2722 1330 2784 homines
1356 2724 1506 2783 sustinere.

441 3007 456 3057 1
476 3004 574 3057 denso
702 3005 878 3058 caerimonias
897 3005 950 3076 BQ
1082 3007 1100 3058 2
1118 3021 1227 3058 uns-um
1251 3003 1409 3074 Q(nnien1n
1428 3003 1473 3066 Μ)

370 3089 541 3157 primarium}
560 3089 774 3159 unigenitan
876 3090 965 3162 dieT
1066 3089 1247 3158 3lngnbrnm
1265 3089 1321 3144 BT
1425 3088 1507 3143 4do·

370 3174 438 3227 mini
457 3173 553 3243 orest}
697 3190 760 3228 noea
778 3175 809 3244 c.]
829 3178 1017 3229 continentum
1039 3177 1065 3230 T
1202 3175 1335 3229 bnounm
1354 3173 1473 3229 laceres
1535 3211 1537 3215 η

371 3260 560 3328 consignantis
581 3263 611 3327 T,
629 3261 796 3328 consignetis
813 3261 857 3314 Be
959 3261 975 3313 ‘l
996 3261 1148 3330 spiritibus]
1168 3260 1317 3329 signaculis
1334 3260 1476 3313 Pometios

371 3349 468 3400 testem
487 3361 596 3414 moysen
613 3348 641 3398 et
659 3346 749 3399 helisn
769 3347 861 3416 BQTr
879 3348 915 3412 σί.
934 3350 1026 3411 ruo&
1112 3349 1232 3400 montem
1251 3347 1306 3400 BT
1395 3346 1413 3398 8
1430 3345 1509 3412 plano

370 3432 447 3486 floret
465 3432 494 3485 B
597 3430 661 3500 nisi]
680 3431 710 3484 ni
727 3433 765 3487 Μ
781 3433 846 3498 (nisi
866 3433 901 3503 Q)
1000 3432 1078 3502 Dde]
1097 3447 1148 3486 as
1246 3431 1315 3500 mox]
1333 3445 1392 3483 mox
1410 3433 1475 3484 ute

369 3518 414 3571 die
431 3517 515 3571 tertis
534 3517 578 3571 Bo
738 3518 844 3585 speruit
861 3535 912 3572 om.
933 3519 959 3571 Β
1120 3517 1155 3571 10
1172 3518 1364 3570 testamentum
1382 3531 1433 3568 ern.
1455 3515 1479 3565 T

370 3604 445 3658 nitoe
467 3602 560 3671 Qes.
580 3604 597 3657 1.
615 3602 712 3671 (nitele
731 3603 789 3668 Μ),
812 3603 896 3656 uitale
921 3604 1021 3656 statuit
1044 3602 1072 3655 Β
1234 3602 1268 3655 14
1286 3601 1357 3654 enim
1381 3616 1431 3653 one.
1452 3601 1478 3653 T

371 3689 480 3744 dubites
499 3693 527 3742 et
545 3688 577 3759 Q,
596 3687 702 3743 dubitet
720 3687 775 3742 BT
843 3688 998 3757 ingenuitas
1015 3704 1063 3741 neo
1080 3687 1202 3756 dignitus
1221 3685 1303 3755 BQT
1371 3687 1403 3740 10
1418 3685 1509 3753 'digni-

370 3778 457 3828 tstcrn
477 3775 532 3829 BT
610 3773 733 3826 senexT
811 3774 844 3826 17
862 3774 928 3827 lieet
946 3789 1107 3842 paupereso
1196 3772 1322 3840 malique]
1342 3771 1431 3837 alique
1448 3769 1477 3822 B

370 3860 557 3915 indifferenter
574 3875 660 3913 om.o
790 3860 823 3913 18
841 3859 869 3912 in
888 3858 924 3928 h.]
943 3858 1093 3912 hereditste
1115 3860 1141 3913 T
1259 3857 1383 3926 pedibus]
1401 3854 1510 3910 sedibus

371 3947 455 4017 BQT
558 3946 638 4014 esest]
657 3960 685 3998 es
703 3946 732 3997 et
750 3945 785 4008 B,
803 3961 830 3997 es
849 3944 940 3998 sedT
1052 3946 1085 3997 19
1103 3944 1230 3997 masculis
1248 3942 1276 3995 B
1382 3941 1510 4008 delectus}

371 4031 498 4086 uideatur
515 4031 580 4085 odd.
599 4047 616 4084 o
820 4029 948 4084 uidnetus
966 4031 1067 4099 scripsi
1085 4029 1133 4097 (cs.
1152 4033 1213 4092 141,
1231 4030 1268 4098 4),
1291 4028 1406 4081 uideatis
1425 4025 1509 4095 BQT,

371 4116 492 4173 delectus
511 4134 527 4171 v
674 4115 710 4170 20
728 4116 756 4169 iu
774 4116 883 4185 nuptus
901 4133 918 4171 o
1070 4117 1104 4169 21
1123 4116 1213 4185 sponsi
1232 4114 1274 4183 ne]
1293 4114 1433 4182 sponsione
1454 4112 1479 4166 T

370 4203 405 4256 23
424 4204 563 4258 oonsuebit
585 4205 611 4255 T
712 4201 794 4270 modi]
813 4202 905 4255 mundi
924 4202 985 4255 MT
1001 4202 1084 4270 (modi
1105 4200 1139 4271 Q)
1245 4199 1416 4253 bominemo
