3720 4920
484 391 529 446 De
547 391 807 463 singularitate
824 391 1028 447 clericorum
1046 407 1069 446 c.
1085 390 1199 446 38-40.
1344 397 1408 459 215

272 550 433 622 brositatis,
448 550 638 624 corruptionis
653 550 784 623 exitium,
800 567 898 610 murus
912 550 1018 625 rigoris
1030 553 1060 610 et
1074 550 1232 611 destructio
1247 549 1408 626 uulgarita·

272 650 323 723 tis,
339 650 507 711 seueritatis
522 650 646 725 gladius,
662 652 857 726 triumphator
872 654 902 710 et
916 651 1025 712 occisor
1040 651 1247 723 dissolutionis,
1262 654 1410 711 armatura

271 753 376 814 uirium
391 757 422 814 et
436 754 592 814 exarmatio
606 755 792 826 fluxurarum,
816 753 996 829 integritatis
1017 753 1145 828 dignitas
1166 757 1195 815 et
1210 753 1408 814 fumicatiouis

272 855 414 928 addictio,
431 854 573 914 claritatis
588 856 738 929 fastigium
753 858 784 915 et
798 855 943 916 dedecoris
958 856 1176 930 praecipitium,
1200 857 1335 916 uoluntas
1354 854 1408 914 bo·

250 973 374 1017 enorum
389 973 505 1031 operum
521 961 551 1016 et
565 956 685 1017 afflictio
700 955 848 1028 uitiorum,
873 957 1056 1031 refrigerium
1083 956 1237 1031 pudicitiae
1264 958 1294 1016 et
1315 971 1408 1030 poena

272 1059 466 1134 petulantiae,
491 1058 647 1133 adquisitio
662 1058 874 1132 triumphorum
888 1061 928 1119 'et
942 1059 1101 1120 facinorum
1116 1059 1335 1137 detrimentum,
1361 1075 1408 1118 re-

272 1161 355 1236 quies
371 1160 475 1220 salutis
490 1163 520 1219 et
534 1160 709 1245 perditionis
725 1160 858 1234 erilium,
883 1161 946 1221 uita
968 1162 1090 1236 spiritus
1104 1163 1135 1221 et
1150 1160 1245 1221 carnis
1259 1161 1408 1233 interitus,

271 1265 368 1322 status
383 1263 534 1336 qualitatis
548 1263 707 1336 angelicae,
723 1264 811 1323 funus
825 1264 968 1323 bumauae
983 1264 1172 1325 substantiae.
1196 1264 1283 1322 huius
1298 1262 1407 1322 retina-

272 1364 345 1425 culis
360 1365 453 1425 omuis
478 1364 657 1424 obscoenitas
685 1365 815 1425 monetur
843 1367 874 1424 et
898 1366 1082 1439 compedibus
1098 1366 1160 1425 eius
1176 1365 1268 1426 calces
1284 1364 1409 1423 furentis

237 1482 265 1524 ro
273 1464 404 1525 libidinis
419 1468 595 1526 statuuntur.
610 1466 641 1526 iu
656 1468 712 1526 bac
727 1467 808 1527 uelut
822 1466 852 1524 in
869 1468 987 1541 scopulo
1002 1468 1179 1541 franguntur
1195 1467 1321 1541 impetus
1336 1482 1408 1539 qua·

272 1566 437 1641 luscumque
463 1568 613 1641 sanguinis
639 1569 807 1629 inundantis
822 1570 852 1627 et
872 1569 902 1627 iu
916 1570 970 1628 illa
996 1569 1114 1629 sedatur
1135 1586 1271 1644 spumans
1286 1567 1410 1626 tumoris

272 1669 386 1729 insania
401 1668 567 1742 corporalis.
599 1688 672 1744 quae
694 1670 762 1730 dum
778 1670 834 1729 sibi
849 1671 997 1731 subtrahit
1011 1671 1185 1731 adminicula
1204 1671 1409 1743 concupiscen-

272 1772 341 1844 tiae,
356 1776 470 1831 mortua
491 1773 619 1831 membra
645 1790 698 1832 sua
712 1773 896 1847 cognoscitur
910 1774 1057 1832 baiulare:
1080 1775 1116 1831 de
1138 1773 1241 1846 quibus
1262 1772 1410 1845 apostolus

272 1873 384 1933 Paulus
398 1877 565 1949 praemonet
578 1873 693 1933 dicens:
723 1874 960 1934 mortificate
982 1891 1068 1949 ergo
1091 1874 1250 1934 membra
1271 1876 1410 1945 uestra,

238 1992 365 2050 requae
388 1978 475 2034 suut
496 1991 607 2050 super
634 1978 785 2047 terram,
818 1976 1108 2037 fornicationem
1136 1976 1411 2036 immunditiam

273 2075 471 2136 libidinem
493 2078 836 2150 concupiscentiam
858 2079 988 2138 malam
1010 2081 1047 2138 et
1068 2079 1285 2147 auaritiam,
1320 2092 1412 2150 quae

274 2178 538 2238 estidolorum
561 2178 748 2252 seruitus,
779 2182 936 2254 propter
958 2197 1048 2254 quae
1070 2178 1177 2239 uouit
1198 2178 1254 2237 ira
1276 2177 1353 2238 Dei.

317 2280 364 2339 Ab
380 2281 427 2340 his
442 2280 573 2339 omnibus
588 2279 703 2339 nonnisi
729 2280 880 2355 splendido
907 2280 1121 2354 singularitatis
1147 2279 1240 2339 cultro
1267 2281 1463 2339 castraturae

275 2384 402 2442 humana
435 2385 555 2453 nutura,
595 2383 629 2440 ut
669 2382 807 2442 inlibatos
848 2383 990 2457 spadones
1029 2385 1066 2442 ad
1101 2380 1265 2442 conuiuium
1301 2380 1410 2440 sancti·

241 2485 349 2544 enus
379 2484 569 2556 desponsante
600 2483 814 2542 circumcisione
844 2483 1016 2544 introducat.
1047 2485 1093 2544 cui
1116 2484 1258 2542 sanctitas
1274 2482 1317 2541 ita
1342 2498 1410 2553 pro·

274 2585 355 2644 misit
395 2584 475 2643 anuli
524 2585 570 2642 sui
617 2583 748 2658 nuptiale
789 2585 986 2660 signaculum,
1034 2588 1068 2644 ut
1114 2585 1176 2644 siue
1219 2584 1284 2658 ipsa
1317 2582 1410 2656 uirgi-

273 2686 352 2745 nites
379 2684 553 2758 resignetur,
587 2702 659 2759 quae
696 2703 727 2745 se
756 2687 819 2746 sola
848 2689 985 2747 contenta
1014 2686 1174 2761 cupidinem
1204 2687 1302 2745 domat
1330 2701 1410 2745 meu·

273 2789 388 2862 temque
413 2787 564 2858 castificat,
595 2787 855 2861 concupiscentiam
880 2788 1000 2864 subigit,
1026 2787 1168 2848 desideria
1183 2787 1294 2848 ardoris
1315 2786 1411 2847 exun-

272 2888 347 2964 guit,
362 2892 444 2949 artus
470 2889 613 2961 debilitat,
640 2906 742 2963 corpus
768 2891 896 2962 ancillat,
925 2894 955 2951 et
984 2891 1028 2950 ita
1056 2891 1184 2950 carnalia
1204 2888 1357 2964 crucifigit,
1379 2891 1413 2948 ut

239 2993 336 3050 actm
349 2991 494 3050 masculus
519 3008 606 3065 quam
632 2990 739 3051 femina
767 2993 922 3052 uideatur
914 3011 945 3051 ru
960 2992 1176 3053 conuersatione
1190 2991 1322 3062 mentiri,
1344 2990 1411 3048 dum

273 3092 341 3153 illos
356 3092 520 3166 operatione
536 3092 687 3167 utriusque
702 3109 787 3153 serus
803 3094 942 3154 abscidit:
959 3098 1009 3153 aut
1023 3097 1156 3153 neutrum
1170 3092 1278 3152 faciens
1293 3092 1329 3150 de
1341 3093 1412 3151 duo·

273 3192 328 3252 bus
339 3195 456 3253 tertiam
465 3194 586 3252 formam
599 3195 729 3254 conferre
741 3196 883 3268 gloriatur
893 3196 1041 3266 ambobus,
1055 3199 1087 3254 ut
1098 3199 1166 3254 anto
1174 3194 1412 3253 resurrectionem

273 3293 490 3354 resurrectionis
505 3295 661 3369 imaginem
678 3298 715 3355 ad
730 3296 823 3355 instar
837 3298 1004 3371 angelorum
1020 3296 1154 3356 meditari
1168 3299 1311 3356 noscatur.
1336 3295 1411 3367 quod

344 3529 377 3583 14
395 3529 451 3584 Col.
471 3528 495 3592 3,
513 3530 539 3583 5.

343 3750 359 3802 1
377 3748 586 3816 incorruptionis
604 3748 628 3804 0
687 3773 690 3780 ·
739 3751 757 3803 2
775 3750 962 3805 dissolutionis
980 3752 1081 3805 occisor
1098 3751 1122 3806 0
1230 3752 1247 3804 3
1265 3750 1413 3804 exarmatio

273 3833 437 3886 fluxurarum
456 3832 486 3897 C,
505 3835 677 3888 exarmatura
694 3834 862 3890 fluxornma
1023 3836 1041 3889 5
1058 3838 1087 3889 ct
1104 3850 1189 3904 poena
1211 3835 1241 3899 C,
1259 3849 1378 3904 poenae

273 3918 427 3973 9furentes
450 3918 474 3972 0
639 3919 796 3973 whence
963 3921 1073 3989 scopulo
1091 3936 1127 3973 cuc
1144 3921 1269 3988 copuluru
1293 3921 1367 3975 Um.
1385 3925 1412 3983 2,

274 4005 398 4073 scopulos
415 4022 433 4059 o
598 4005 631 4058 11
650 4005 818 4060 immundatis
841 4006 875 4061 0¹
1041 4009 1155 4061 tumoris
1175 4007 1204 4072 0,
1222 4008 1379 4062 humorisc

274 4091 309 4146 14
325 4093 417 4145 uestra
434 4106 520 4145 oruc
606 4090 643 4145 20
659 4090 836 4162 desponsante
857 4093 887 4158 O,
904 4092 1077 4164 dispensante
1094 4111 1111 4149 c
1197 4095 1232 4148 21
1250 4094 1379 4148 annulic

272 4176 308 4232 23
326 4177 460 4231 castifim
481 4177 517 4240 0,
541 4176 673 4231 rectificat
690 4193 708 4231 c
880 4179 915 4233 26
933 4179 1074 4248 utriusque
1091 4195 1168 4233 serus
1188 4179 1345 4248 operatione
1362 4195 1380 4232 c

272 4265 322 4316 aut
340 4277 375 4316 cx
393 4277 428 4316 an
450 4262 524 4317 Oua
542 4266 562 4316 2
664 4261 699 4315 28
717 4262 746 4315 in
764 4263 965 4318 resurrectionis
987 4264 1055 4320 Gin
1074 4280 1136 4334 exp.
1154 4281 1189 4318 m.
1207 4267 1228 4317 2
