3720 4920
350 361 411 425 180
821 352 1006 422 appendix.

348 512 430 588 copia
444 511 652 574 esculentorum
667 511 779 571 animus
793 511 936 586 pascitur,
959 514 988 570 et
1002 509 1063 570 uini
1078 509 1213 571 odoriferi
1233 509 1294 569 sola
1315 509 1477 583 angiam

350 615 463 689 saepius
478 614 634 675 suscitatur
648 614 770 673 animus.
786 614 856 688 quid
871 630 921 686 per
935 613 1103 686 hypocrisin
1117 612 1181 671 uult
1194 611 1231 671 ab
1245 609 1408 670 hominibus
1423 611 1476 669 ab·

349 717 460 776 stinens
474 717 531 775 dici
545 719 575 776 et
588 715 620 774 in
635 718 742 775 secreto
758 715 891 776 carnibus
906 718 936 773 et
950 713 1090 773 ebrietate
1104 713 1247 773 distendit
1271 713 1378 772 babent
1392 712 1477 772 mnlti

348 818 467 878 diuitias
485 836 555 893 quas
570 817 631 877 suis
647 818 747 878 usibus
766 819 874 892 negant
889 818 940 876 sed
963 834 1014 890 pro
1029 816 1184 890 cupiditate
1205 816 1389 886 conseruent,
1412 813 1480 888 qni-

348 922 403 980 bus
425 921 451 980 si
466 921 546 980 nulla
561 920 703 995 cupiditas
718 919 899 992 inhaesisset,
912 935 965 978 nec
975 919 1142 992 cupiditatis
1152 918 1277 993 insignia
1287 918 1502 992 possiderents

348 1027 379 1082 at
393 1040 459 1083 nero
475 1024 542 1097 quia
556 1023 713 1097 cupiditate
724 1023 851 1097 possessi
865 1024 948 1093 sunt,
964 1021 1148 1095 perfruuntur
1162 1021 1255 1080 animo
1271 1020 1346 1093 qnod
1356 1037 1410 1078 usu
1420 1037 1478 1079 non

349 1128 481 1199 tangunt.
512 1125 593 1184 itais
614 1125 664 1200 qni
678 1123 808 1198 despexit
830 1124 974 1184 uinculum
997 1123 1177 1197 nuptiarum,
1205 1125 1233 1181 et
1248 1123 1333 1181 aliter
1347 1120 1479 1181 femineis

349 1226 472 1286 uinculis
487 1227 647 1299 obligatur:
669 1227 800 1299 quamuis
820 1227 900 1285 nullo
916 1226 1067 1284 concubitu
1085 1225 1253 1295 misceatur,
1274 1224 1413 1285 desiderio
1436 1225 1478 1282 ta-

348 1343 414 1386 men
427 1327 492 1386 uisa
508 1327 655 1401 conloquio
667 1327 864 1386 coniunctione
876 1342 989 1405 semper
1001 1327 1169 1386 oblectatur.
1185 1343 1252 1384 nam
1266 1326 1291 1384 si
1307 1325 1480 1385 desiderium

350 1427 470 1487 laminae
480 1445 536 1486 non
550 1429 680 1499 baberet,
696 1445 850 1501 numquam
861 1428 995 1486 feminam
1006 1429 1067 1485 suis
1078 1428 1294 1487 oblectamentis
1305 1428 1477 1487 adsumeret.
1488 1440 1518 1480 ιο

349 1528 435 1589 immo
451 1546 517 1588 aero
532 1529 648 1603 insuper
661 1529 733 1588 mihi
749 1533 912 1602 suspectum
927 1529 1064 1603 placitum
1080 1529 1158 1588 dedit
1180 1529 1228 1602 qui
1249 1546 1305 1587 non
1319 1529 1479 1603 legitimam

349 1631 432 1689 duxit
446 1633 476 1690 et
490 1631 646 1705 legitimam
662 1632 822 1691 recusauit:
839 1633 895 1690 nisi
911 1632 1011 1702 fallor,
1029 1632 1059 1689 in
1074 1631 1186 1704 publico
1202 1635 1417 1705 argumentatus
1434 1635 1481 1691 est

349 1731 513 1791 hominibus
527 1733 693 1806 promittere
709 1733 897 1793 sanctitatem
913 1737 942 1793 et
965 1733 1120 1792 inocculto
1143 1734 1204 1791 sine
1227 1750 1312 1791 uxore
1332 1750 1389 1790 non
1404 1749 1479 1792 ease.

350 1835 405 1892 duo
420 1836 587 1906 argumenta
601 1833 729 1892 libidinis
745 1837 774 1893 et
789 1834 954 1893 sanctitatis
975 1835 1043 1892 hinc
1058 1838 1088 1892 et
1102 1834 1166 1893 indo
1178 1834 1307 1892 miranda
1317 1837 1393 1904 sunt,
1406 1849 1480 1908 qnae

349 1938 470 2007 utraque
485 1934 607 1994 inuicem
622 1937 726 2008 tegunt
742 1938 770 1994 et
784 1939 905 2009 utraque
922 1935 1043 1994 inuicem
1058 1937 1190 2009 produnt.
1207 1936 1371 2010 ingeniosus
1386 1952 1479 1995 eunu-
1490 1951 1517 1990 ia

350 2035 421 2095 chus
436 2038 466 2094 et
479 2037 613 2095 moechus
628 2036 739 2096 inuidet
752 2037 808 2095 sibi
824 2039 892 2095 dnm
907 2037 1040 2108 consulit,
1064 2038 1093 2096 et
1109 2038 1175 2096 dum
1190 2038 1303 2111 quaerit
1317 2041 1479 2110 utrumque,

350 2141 482 2197 nonnum
497 2139 574 2210 fecit,
590 2143 624 2197 nt
638 2141 756 2198 sanctus
770 2139 886 2198 minime
902 2140 1055 2213 deputetur
1070 2141 1120 2213 qni
1134 2157 1191 2200 non
1203 2156 1271 2199 uera
1281 2139 1481 2200 coniunctione

349 2226 523 2313 perimatur,
540 2258 604 2300 cum
618 2240 726 2299 Paulus
741 2240 889 2314 apostolus
904 2240 995 2300 dicat:
1019 2240 1206 2315 alligatus
1229 2258 1266 2300 es
1288 2242 1413 2301 uxori?
1437 2258 1481 2300 ne

350 2343 561 2416 quaesieris
589 2343 824 2404 solutionem.
855 2343 1005 2404 solutus
1027 2360 1064 2403 es
1086 2345 1128 2403 ab
1150 2348 1285 2403 uxore?
1308 2361 1350 2404 ne
1372 2361 1481 2419 quae·

351 2443 462 2503 sieris
483 2460 637 2506 uxorem.
652 2442 712 2504 ¹aed
727 2446 873 2505 consentio
889 2463 946 2504 non
967 2462 1030 2504 esse
1052 2444 1197 2504 castitatis
1211 2446 1296 2504 huius
1312 2447 1481 2520 pudicitiam
1491 2462 1518 2504 ao

351 2546 505 2604 uiolatam:
529 2547 695 2620 suspiciosis
711 2550 807 2608 tamen
822 2547 927 2607 malam
942 2547 1066 2621 porrigit
1081 2547 1186 2606 famam
1207 2548 1236 2607 et
1256 2547 1410 2622 pudicitiae
1425 2548 1482 2608 bo·

350 2663 419 2705 num
445 2645 553 2707 trustra
579 2647 751 2708 intrinsecus
776 2648 918 2708 laborioso
946 2664 1035 2722 agone
1058 2650 1199 2722 custodit,
1223 2653 1298 2723 quod
1323 2650 1483 2710 forinsecus

351 2747 441 2806 efficit
454 2747 597 2823 imamari,
613 2751 763 2810 destruens
778 2749 977 2824 magisterium
992 2750 1076 2809 Pauli
1096 2751 1219 2824 apostoli
1234 2751 1412 2825 procidentis
1426 2769 1480 2827 pa·

351 2847 422 2907 riter
437 2853 468 2908 et
480 2849 637 2911 mouentis:
652 2855 695 2910 ut
718 2852 813 2924 qnid,
837 2852 941 2925 inquit,
963 2850 1125 2911 libertas
1140 2869 1212 2912 mea
1233 2853 1423 2912 indicatur
1439 2854 1482 2912 ab

351 2950 506 3010 infideli
523 2953 778 3012 conscientia?
803 2954 836 3011 si
859 2970 922 3026 ego
938 2953 1091 3026 gratiae
1113 2953 1309 3027 participo,
1332 2957 1372 3012 ut
1394 2953 1520 3027 quidas

351 3052 590 3125 blasphemor
620 3072 684 3129 pro
712 3072 749 3115 eo
778 3057 878 3129 qaod
910 3056 1059 3129 gratias
1087 3059 1183 3129 ago?
1218 3056 1299 3128 peius
1325 3057 1371 3114 est
1396 3072 1483 3130 quam

352 3155 481 3215 moechia
504 3156 707 3217 continentiam
724 3159 826 3218 ducere
849 3158 1029 3217 criminosam
1051 3162 1080 3217 et
1101 3158 1236 3217 infamem
1257 3157 1351 3217 facere
1371 3157 1484 3217 sancti·

353 3258 485 3318 moniam.
529 3259 737 3334 blasphemiam
763 3260 871 3335 ingerit
903 3260 1035 3334 religioni
1067 3278 1152 3335 qnam
1189 3260 1292 3332 coluit,
1332 3259 1381 3334 qui
1407 3260 1484 3334 quod

423 3458 488 3513 181
507 3457 564 3514 Cor.
585 3459 609 3523 7,
627 3458 669 3513 27.
773 3459 839 3514 241
859 3459 918 3514 Cor.
940 3459 981 3522 10,
1000 3459 1041 3512 29.

424 3628 439 3679 1
457 3626 663 3696 esculentorum]
681 3627 831 3682 excolentur
853 3627 876 3681 0
995 3627 1139 3695 flagrantia
1159 3627 1182 3682 0
1303 3627 1320 3680 2
1339 3629 1485 3681 suscitatur

355 3713 461 3781 saepius
479 3730 495 3766 o
621 3714 741 3767 animum
759 3714 793 3768 0¹
921 3713 936 3765 7
955 3713 979 3764 is
998 3729 1033 3766 ecc
1051 3730 1078 3766 es
1096 3713 1168 3767 Can
1187 3717 1205 3766 2
1331 3714 1349 3767 8
1365 3713 1492 3767 uinculis

355 3798 479 3852 femineis
496 3815 513 3853 c
668 3800 701 3851 14
719 3799 874 3852 sanctitatis
893 3801 921 3851 et
938 3797 1061 3850 libidinis
1079 3815 1095 3851 o
1244 3797 1278 3850 16
1295 3797 1397 3851 inuidit
1415 3797 1449 3852 0¹

355 3885 388 3938 17
412 3887 537 3938 neutrum
564 3884 588 3940 O
601 3900 623 3938 a.
642 3885 659 3937 1.
677 3888 749 3940 Μ
954 3881 1062 3937 facito
1272 3884 1303 3935 ut
1331 3897 1364 3936 ea
1392 3885 1485 3936 utrum

355 3969 428 4023 Gm.
447 3973 465 4023 2
568 3970 615 4039 qni
633 3984 668 4023 aa
686 3986 766 4038 qnam
785 3970 857 4024 Oce
876 3972 897 4023 2
1005 3970 1041 4024 20
1058 3967 1116 4036 aad]
1134 3968 1180 4022 sod
1199 3984 1281 4038 quero
1299 3968 1322 4023 0
1337 3968 1385 4022 sed
1403 3983 1485 4038 quero

356 4070 419 4124 cap.
437 4057 510 4107 Μ
663 4055 699 4109 22
717 4054 786 4124 qnod
805 4055 835 4121 G,
853 4056 901 4124 qni
919 4054 1021 4110 illudo
1177 4054 1212 4108 23
1229 4053 1345 4124 apostoli
1363 4070 1414 4109 om.
1433 4071 1450 4109 c

354 4139 390 4193 25
407 4155 457 4208 ego
479 4139 507 4202 0,
527 4155 590 4209 ergo
608 4157 626 4194 o
806 4141 842 4194 28
858 4140 1056 4210 blasphemium
1079 4140 1102 4195 0
1280 4139 1361 4193 coluit
1378 4140 1486 4208 scripsi,

234 4265 239 4270 -
356 4227 471 4282 contulit
489 4227 519 4292 0,
537 4226 604 4281 colit
622 4227 764 4283 Puoaciass
