3720 4920
589 346 634 401 De
650 345 910 416 singularitate
928 345 1133 402 elericorum
1157 362 1179 401 o.
1199 348 1309 404 ro-lu.
1453 354 1510 419 191

380 505 505 562 reatae
527 509 613 562 eunt
633 504 790 564 semitae
822 522 946 565 eorum
969 505 1031 578 qui
1054 504 1089 564 iu
1112 486 1212 564 terra
1234 508 1336 578 eunt,
1359 511 1394 566 et
1423 524 1513 581 quae

380 603 451 664 tibi
484 605 634 680 placent
666 605 877 667 didicerint
909 607 1089 680 homines,
1122 610 1158 666 et
1189 624 1256 682 per
1285 608 1512 683 sapientiam

381 708 507 766 sanati
531 710 626 767 eunt.
650 708 829 769 ambulantes
855 710 884 767 iu
900 708 1026 769 tenebris
1042 708 1159 768 sibimet
1172 710 1246 783 ipsis
1261 710 1357 770 lumen
1370 728 1427 770 nou
1442 727 1511 785 pos·

381 813 449 868 suut
464 810 621 885 ostendere,
637 810 695 870 nisi
710 810 872 872 ultroneum
886 809 1023 884 seipsum
1038 828 1095 871 uon
1110 810 1275 872 uidentibus
1291 813 1391 873 offerat
1405 811 1512 874 lumen.

359 913 423 973 site
438 913 563 973 humana
577 915 701 974 eaeeitas
716 917 753 975 ad
768 915 859 975 Deum
874 933 931 975 uon
946 916 1047 990 dirigit
1068 917 1145 975 uiam
1160 916 1218 976 nisi
1233 917 1294 989 ipae
1309 917 1455 978 lucernam
1470 918 1511 976 le·

379 1014 425 1088 gis
440 1017 582 1075 ostendat.
606 1018 680 1075 uude
695 1016 788 1076 Dauid
803 1016 845 1078 eie
859 1018 989 1091 loquitur
1003 1016 1112 1077 dicens.
1136 1018 1288 1077 luoerna
1309 1022 1383 1090 eet,
1406 1019 1512 1093 inquit,

379 1117 536 1191 pedibus
557 1119 646 1178 meis
668 1120 818 1178 uerbum
840 1122 939 1178 tuum
960 1120 997 1179 et
1018 1119 1079 1177 lux
1102 1118 1248 1178 semitis
1269 1120 1367 1179 meis.
1402 1122 1431 1179 et
1456 1119 1512 1180 ite·

380 1238 458 1279 rum:
482 1223 717 1294 praecepium
740 1220 885 1282 Domini
917 1220 1080 1281 lucidum
1113 1218 1343 1280 inluminans
1376 1223 1512 1282 oculos.

379 1322 433 1381 hoe
448 1326 495 1382 eet
509 1339 576 1396 ergo
591 1322 740 1382 luciferum
756 1324 951 1397 quodeunque
977 1321 1069 1382 aDeo
1096 1321 1185 1381 fuerit
1204 1321 1382 1381 intimatum:
1406 1325 1436 1381 et
1460 1324 1515 1384 hoe

347 1423 441 1484 ieDeo
468 1425 587 1498 dignum
613 1425 689 1498 quod
715 1425 777 1499 ipse
792 1425 870 1484 Deus
895 1423 1039 1485 uoluntati
1065 1440 1135 1482 suae
1163 1423 1271 1483 fatetur
1292 1428 1456 1499 arreptum,
1479 1431 1514 1485 ut

380 1531 479 1586 exerat
504 1542 555 1600 per
580 1525 675 1585 omnia
690 1525 875 1586 dominatum.
906 1526 1033 1599 alioquin
1053 1542 1108 1585 nee
1121 1542 1175 1585 uos
1196 1526 1274 1586 serui
1287 1526 1514 1586 adscriberemur

380 1647 432 1689 neo
448 1629 510 1703 ipse
524 1630 663 1689 Dominus
678 1630 848 1700 haberetur,
876 1630 903 1688 si
928 1629 1084 1690 seeundum
1110 1630 1289 1689 uoluntatem
1303 1633 1432 1690 nostram
1447 1647 1513 1705 per·

379 1732 558 1790 mitteremur
569 1731 722 1804 inpendere
737 1732 907 1790 seruitutem
920 1730 1080 1789 etarbitrio
1095 1733 1193 1790 noste
1209 1747 1267 1790 nou
1278 1731 1332 1789 Dei
1343 1731 1514 1805 eligeremus

380 1832 605 1891 exereitamenta
619 1832 758 1892 iustitiae.
774 1832 849 1892 tales
860 1833 968 1891 Paulus
980 1832 1128 1905 apostolus
1139 1833 1276 1892 uauiiioat
1291 1831 1398 1904 dicens,
1413 1833 1513 1906 igno·

347 1934 523 2004 rorantes,
547 1933 654 2006 iuquit,
677 1932 741 1991 Dei
763 1933 953 1993 iustitiam
976 1934 1011 1992 et
1032 1949 1133 1992 suam
1148 1932 1512 2007 uolentesstatuere,

381 2034 556 2094 iustitiae
581 2034 646 2095 Dei
675 2053 744 2096 nou
765 2039 851 2095 eunt
872 2036 1044 2095 subiecti.
1067 2035 1207 2095 tollantur
1223 2053 1297 2096 nuno
1312 2052 1327 2094 e
1343 2035 1435 2096 medio
1450 2054 1512 2096 am·

380 2138 468 2209 bages
496 2137 569 2195 istae
583 2138 643 2194 tam
666 2152 757 2196 nanae
773 2139 802 2195 et
818 2136 1011 2208 querimoniae
1026 2133 1154 2196 inaniter
1169 2138 1371 2196 calumniosae.
1401 2138 1437 2196 ad
1453 2138 1513 2210 epi·

382 2238 484 2298 uitales
500 2243 581 2297 actua
597 2256 662 2298 oum
677 2238 793 2298 feminis
808 2239 868 2299 Deo
884 2239 1001 2298 iuuante
1016 2256 1072 2298 uon
1088 2239 1241 2298 metuimus
1256 2239 1384 2311 adunari,
1400 2240 1450 2312 qui
1466 2256 1517 2312 per

382 2339 435 2398 Dei
460 2339 614 2400 iussionem
632 2340 773 2400 iustitiam
799 2357 851 2399 uos
878 2340 1019 2401 eredimus
1035 2342 1163 2414 operari,
1190 2357 1225 2399 ex
1239 2359 1295 2414 qua
1310 2341 1392 2400 nobie
1407 2341 1513 2401 seimus

346 2465 372 2504 ao
381 2441 557 2502 munimenta
572 2443 703 2517 supponi.
725 2443 860 2518 priuatim
876 2459 943 2502 uero
959 2442 1172 2503 continentibus
1187 2443 1441 2516 quamplurimum
1456 2443 1514 2502 ele·

380 2542 448 2602 ricis
463 2548 493 2602 et
514 2544 675 2618 uirginibus
690 2545 817 2618 hospitia
831 2547 1082 2619 separandarum,
1099 2546 1168 2620 quia
1193 2546 1269 2620 quod
1283 2545 1359 2604 Deus
1385 2545 1515 2618 iniquum

381 2645 490 2704 iudicat
504 2646 612 2704 iustum
627 2662 760 2704 essenon
775 2649 880 2720 potest.
897 2647 1115 2706 contubernium
1130 2650 1227 2706 temen
1242 2647 1298 2705 etsi
1314 2646 1393 2705 nulla
1408 2647 1513 2719 inipso

385 2747 570 2807 coutubernio
586 2747 680 2821 turpis
695 2748 869 2807 consuetudo
885 2749 1035 2820 noscatur,
1048 2747 1189 2819 aooeudit,
1204 2747 1272 2821 quia
1287 2747 1456 2819 inpossibile
1471 2750 1516 2807 eat

381 2849 578 2921 integritatem
592 2849 629 2907 ad
643 2849 779 2907 uictorias
803 2849 954 2920 peruenire
976 2866 1048 2923 quae
1074 2849 1222 2909 contendit
1243 2852 1343 2909 eontra
1365 2848 1418 2909 Dei
1433 2850 1513 2909 iussa

347 2970 372 3010 ae
382 2965 520 3023 pugnare.
548 2951 685 3022 quantum
707 2949 782 3007 enim
798 2950 844 3007 lex
860 2949 1076 3010 oboedientibus
1092 2950 1222 3025 suggerit
1237 2950 1423 3022 adiutorium,
1450 2954 1515 3010 tan-

382 3052 443 3108 tum
469 3051 717 3109 inobaudientibua
744 3050 846 3109 incitat
861 3051 931 3123 quin
947 3050 1033 3110 immo
1061 3054 1208 3124 peceatum
1235 3051 1346 3111 dicente
1369 3053 1513 3126 apostolo:

383 3152 522 3225 uirtus,
545 3153 647 3226 iuquit,
672 3153 730 3212 lox
752 3153 910 3228 peccati.
933 3155 983 3227 qui
997 3171 1050 3214 nos
1066 3169 1133 3228 ergo
1156 3153 1242 3212 iussit
1255 3157 1288 3212 ut
1303 3155 1334 3212 in
1350 3154 1439 3213 saeris
1455 3156 1515 3214 suis

382 3272 447 3313 oum
462 3255 576 3314 feminis
591 3255 807 3329 triumphemus,
824 3257 886 3330 ipse
901 3273 953 3315 nos
969 3256 1048 3316 iubet
1062 3259 1095 3315 ut
1106 3256 1242 3330 priuatim
1254 3273 1364 3329 pugnae
1377 3256 1515 3316 femineae

381 3372 542 3416 caueamus.

450 3588 528 3642 61²³.
550 3589 607 3655 118,
628 3590 685 3643 105.
893 3591 910 3644 8
928 3589 970 3642 Pa.
991 3589 1031 3653 18,
1050 3589 1075 3642 9.
1282 3591 1314 3644 14
1332 3591 1408 3645 Rom.
1428 3592 1469 3655 10,
1487 3591 1512 3644 3.

381 3673 415 3725 27
434 3672 447 3726 1
466 3674 525 3728 Cor.
545 3675 586 3737 15,
604 3675 647 3729 56.

451 3887 469 3940 2
489 3885 640 3939 dididerunt
662 3886 695 3941 G'
864 3887 880 3939 7
899 3887 1019 3941 remittis
1040 3890 1063 3941 0
1226 3891 1243 3942 9
1261 3888 1345 3942 inerit
1362 3904 1379 3942 a
1396 3889 1445 3942 deo
1463 3904 1480 3941 o

386 3974 418 4027 11
437 3975 528 4026 exerat
551 3972 579 4036 0,
599 3973 718 4026 exerceat
735 3990 752 4028 o
824 3973 856 4026 12
875 3973 1057 4042 uoluntatem]
1075 3974 1270 4042 aequalitatem
1286 3974 1309 4031 0
1376 3973 1411 4029 20
1428 3972 1515 4027 moni-

384 4061 476 4111 menta
497 4058 532 4112 0¹
646 4058 680 4110 22
698 4057 761 4126 etsi]
781 4058 847 4111 siG
960 4060 994 4112 23
1011 4064 1138 4114 nmeatur
1156 4061 1294 4114 &eunus
1408 4057 1517 4113 moedat

385 4143 669 4198 concordiense
801 4143 837 4196 24
854 4143 1031 4198 uictoriame
1158 4145 1193 4198 26
1211 4145 1276 4213 quin
1295 4145 1377 4199 immo
1396 4161 1483 4199 orn-o

384 4229 419 4282 21
438 4230 538 4297 peccati
557 4228 632 4284 lexo
737 4229 772 4282 28
789 4245 838 4282 nos
856 4245 941 4283 orne
