3720 4920
429 399 494 464 244
903 397 1086 468 appendix.

431 558 525 615 cedem
544 560 691 630 apostatae
707 557 797 629 feret,
823 557 956 631 quisquis
971 559 1026 616 hoc
1041 557 1136 616 animo
1152 556 1236 628 uiuit,
1264 559 1295 614 ut
1310 555 1455 615 Christum
1471 571 1563 631 nega-

432 661 515 718 turus
530 657 579 730 sit,
594 659 619 718 si
634 658 745 719 iactura
760 658 897 718 bonorum
913 660 965 718 aut
984 658 1114 732 corporis
1130 659 1271 719 cruciatus
1285 660 1337 716 ant
1357 674 1434 716 mors
1456 656 1496 715 sit
1512 672 1563 716 ac·

432 760 574 834 cipiouda.
591 761 640 834 qui
651 736 690 821 xob
705 759 855 833 paululum
870 760 1007 834 pecuniae
1022 760 1133 834 peierat
1147 777 1184 819 au
1200 761 1225 818 is
1247 759 1392 819 notabitur
1413 760 1557 832 abnegare

431 863 584 935 Christum,
598 863 622 922 si
635 865 697 923 tota
708 879 754 922 ros
765 862 954 936 uericlitotur,
967 861 993 921 si
1005 863 1161 922 intentetur
1173 861 1298 933 iufamia,
1311 862 1447 922 carcerat
1459 862 1561 920 mors?

430 965 479 1039 qui
495 967 531 1025 ob
546 964 711 1026 febriculam
725 965 763 1023 ad
777 965 1000 1025 incantatricum
1016 965 1142 1024 remedia
1157 965 1287 1038 confugit
1301 982 1338 1022 au
1353 964 1379 1023 is
1394 963 1477 1022 malit
1493 979 1585 1024 cru-⁵

429 1067 525 1125 cintus
539 1071 629 1127 morte
644 1066 787 1128 tristiores
801 1067 929 1141 perferre
957 1083 1043 1139 quam
1058 1065 1172 1126 Christo
1188 1064 1372 1124 renuntiare?
1395 1065 1481 1125 immo
1511 1062 1562 1138 qui

430 1171 536 1229 uticus
551 1170 586 1229 ob
601 1169 717 1229 breuem
732 1169 827 1228 carnis
842 1169 1122 1240 delectatiunculam,
1139 1169 1174 1228 ob
1188 1171 1413 1228 momentaneam
1436 1166 1561 1241 gloriam

431 1272 527 1330 deficit
541 1289 559 1329 a
573 1271 696 1343 Christo,
711 1271 801 1330 uitam
816 1269 937 1330 habebit
951 1269 1038 1329 uilem
1052 1286 1103 1344 pro
1116 1269 1252 1328 Christo?
1268 1286 1320 1329 noo
1330 1270 1407 1328 hunc
1419 1271 1561 1343 brandus

430 1373 498 1431 fecit
513 1375 683 1446 apostatam,
699 1373 749 1431 sod
763 1373 800 1430 ad
815 1376 967 1446 tyranuum
983 1372 1104 1431 accessit
1119 1374 1260 1444 apostata.
1283 1373 1315 1429 ut
1330 1375 1426 1429 autom
1448 1373 1495 1430 est
1517 1369 1560 1429 si-

429 1473 507 1533 milis
521 1475 649 1533 certandi
664 1475 752 1547 ratio,
769 1474 811 1533 ita
825 1473 926 1533 iisdem
938 1475 1027 1533 armis
1038 1474 1160 1533 fratrum
1172 1473 1259 1532 animi
1271 1472 1475 1532 communiendi
1489 1473 1558 1531 suut
1569 1490 1600 1531 ro

430 1577 466 1634 ad
482 1578 535 1634 has
558 1594 668 1650 pugnas
683 1577 787 1650 quibus
803 1576 981 1636 ostendimus
1003 1575 1210 1635 confirmandos
1227 1577 1262 1633 ad
1278 1575 1455 1649 martyrium.
1486 1574 1561 1632 fidos

430 1682 485 1749 est,
500 1694 572 1752 qnae
582 1680 694 1753 pugnat
706 1682 735 1738 et
750 1682 867 1751 superat
882 1677 912 1736 in
928 1678 1121 1761 martyribus:
1149 1694 1201 1737 noc
1225 1677 1376 1750 quisquam
1404 1676 1510 1735 defecit
1529 1677 1560 1734 in

430 1779 579 1838 tormentis
594 1780 650 1838 nisi
664 1779 730 1840 fidoi
746 1780 869 1840 defectu.

379 1878 419 1937 36
473 1879 601 1941 (brandus
617 1882 706 1956 igitur
721 1882 836 1942 assidue
852 1882 941 1954 Deus,
967 1886 1000 1942 ut
1022 1881 1105 1940 fidem
1121 1883 1151 1940 in
1166 1881 1248 1941 nobis
1263 1882 1382 1954 augeat:
1410 1882 1456 1939 est
1483 1878 1559 1938 enim

430 1983 483 2040 Dei
498 1985 601 2043 donum
617 1984 704 2043 atilli
720 1984 839 2044 debetur
855 1986 948 2044 omnis
971 1985 1106 2043 uictoriae
1129 1984 1230 2056 gloria.
1254 1984 1417 2056 ingeramus
1440 1981 1556 2040 illorum
1567 2004 1593 2042 rc

430 2085 533 2143 animis
548 2088 578 2144 ot
592 2085 753 2159 infigamus,
780 2104 866 2160 quani
892 2086 1063 2144 horrendum
1094 2087 1199 2144 cuman
1222 2084 1261 2143 sit
1276 2084 1368 2141 omnis
1382 2082 1558 2154 idololatria,

429 2204 513 2259 quam
529 2204 627 2246 seuero
641 2187 743 2260 punita
757 2189 796 2247 sit
811 2207 828 2246 a
842 2189 900 2247 Deo
916 2187 1047 2261 sublege
1070 2191 1176 2258 uetere,
1200 2191 1268 2260 quot
1289 2186 1380 2244 millia
1403 2183 1559 2244 trucidarit

429 2287 542 2361 Moyses
557 2288 593 2346 ob
608 2289 731 2348 uitulum
746 2307 872 2348 aureum.
889 2290 990 2349 deindo
1005 2293 1181 2363 proponatur
1197 2287 1369 2362 comparatio
1385 2285 1558 2345 mauifostao

429 2387 608 2449 idololatriae
623 2408 686 2450 cum
703 2390 866 2450 immolatur
881 2392 1043 2452 simulacris
1064 2395 1094 2451 et
1109 2392 1237 2451 occultae
1253 2408 1315 2451 curu
1339 2393 1481 2450 contemto
1496 2388 1557 2449 Deo

432 2489 564 2549 obeditur
580 2508 630 2564 por
651 2491 908 2565 concupiscentiam
934 2495 1061 2555 satanae.
1093 2493 1193 2551 deinde
1220 2493 1400 2551 conferantur
1425 2492 1501 2550 iuter
1527 2505 1595 2553 soro

431 2590 507 2649 Daus
523 2592 586 2651 sous
600 2592 691 2651 omnis
704 2593 771 2652 boni
787 2596 816 2651 ot
832 2594 962 2654 diabolus
977 2594 1069 2653 omnis
1084 2595 1210 2653 malitiae
1226 2595 1366 2667 puricans.
1391 2593 1559 2652 ostendatur

430 2696 460 2750 et
476 2694 665 2767 inaequalitas
687 2696 881 2755 contubernii:
912 2697 941 2755 iu
957 2697 1048 2755 altera
1074 2701 1155 2770 parte
1176 2698 1244 2756 sunt
1267 2695 1320 2753 filii
1334 2695 1397 2768 Dei,
1425 2694 1558 2754 concines

430 2795 597 2869 angolorum
613 2798 642 2854 et
657 2796 775 2855 horodes
798 2798 900 2857 beatae
927 2795 1170 2857 immortalitatis:
1201 2798 1230 2856 in
1256 2798 1348 2856 altera
1373 2797 1425 2854 filii
1453 2796 1557 2868 Belial,

430 2899 551 2957 societas
567 2899 690 2957 omnium
707 2900 872 2960 daemonum
889 2905 919 2961 et
930 2901 1050 2959 heredes
1065 2901 1221 2974 gehennae.
1245 2900 1405 2960 conferatur
1420 2902 1449 2958 ot
1465 2901 1559 2973 impar

429 2998 550 3057 militiae
565 3016 669 3072 genus,
696 3003 895 3073 comparentur
911 3002 1025 3061 diuersa
1040 3002 1192 3075 stipendia.
1219 3003 1290 3061 haec
1311 3001 1337 3059 si
1351 3002 1432 3074 prius
1447 3000 1556 3060 fuerint
1566 3019 1593 3060 :s

428 3118 565 3173 persuasa
579 3105 609 3159 et
624 3102 734 3161 intimis
749 3102 836 3162 infixa
851 3103 1028 3175 uisceribus,
1056 3103 1150 3162 facilis
1163 3105 1219 3162 orit
1243 3103 1373 3162 uictoria.
1396 3119 1471 3163 nunc
1485 3102 1558 3161 tides

429 3204 529 3261 multis
545 3206 625 3262 natat
640 3204 668 3262 iu
684 3205 780 3276 labiis,
797 3224 861 3264 cum
873 3206 903 3263 iu
919 3206 1001 3264 corde
1017 3210 1067 3264 aut
1082 3205 1161 3263 nulla
1175 3205 1214 3263 sit
1230 3208 1279 3263 aut
1294 3205 1476 3264 uehementer
1490 3203 1558 3263 lau·

428 3308 524 3378 gocat.
541 3305 605 3380 quis
617 3306 690 3365 enim
706 3325 761 3366 uon
773 3309 931 3381 profitetur,
948 3309 1023 3382 quod
1035 3308 1065 3365 in
1077 3308 1294 3368 Deuteronomio
1307 3307 1444 3381 legimus:
1461 3306 1556 3378 audi,

427 3407 600 3466 Dominus
622 3409 716 3468 Deus
747 3414 840 3481 tuus,
865 3410 1038 3468 Dominus
1061 3427 1150 3468 unua
1179 3413 1256 3468 est?
1290 3413 1334 3468 et:
1370 3409 1557 3467 Dominum

428 3509 539 3569 Deum
562 3513 659 3569 tuum
682 3511 872 3585 adorabis,
895 3516 931 3571 ot
953 3512 1014 3571 illi
1036 3512 1108 3572 soli
1131 3509 1299 3571 seruies?
1332 3511 1396 3584 quis
1411 3528 1468 3569 non
1483 3527 1554 3584 qno·
1566 3533 1593 3573 oo

427 3611 499 3670 tidie
526 3613 689 3672 recitaturo
718 3608 812 3674 ‘credo
828 3614 858 3672 in
873 3616 963 3673 Doum
980 3617 1092 3686 patrem
1107 3611 1346 3687 omnipotentem!
1374 3617 1407 3671 at
1420 3631 1476 3671 nou
1492 3629 1555 3672 cre·

428 3713 470 3771 dit
486 3713 516 3770 in
531 3714 621 3772 Deum
638 3714 730 3786 quiin
747 3732 779 3774 co
796 3716 857 3775 solo
873 3716 995 3775 collocat
1007 3715 1096 3774 totius
1109 3714 1257 3775 felicitatis
1267 3714 1487 3787 suaedduciam,
1502 3730 1556 3774 nec

426 3831 514 3872 unum
529 3815 616 3874 habet
631 3815 720 3875 Deum
736 3834 770 3876 ac
785 3818 937 3877 Dominum
956 3817 1006 3891 qui
1022 3835 1073 3891 per
1087 3820 1297 3890 scortationem,
1324 3833 1375 3892 per
1399 3817 1497 3875 luxum
1524 3811 1558 3875 et

428 3917 578 3976 auaritiam
594 3920 710 3978 satanas
725 3919 796 3978 facit
810 3920 962 3992 imperata,
975 3936 1027 3980 noc
1042 3920 1086 3978 illi
1103 3921 1156 3979 soli
1170 3920 1260 3980 seruit
1275 3921 1323 3994 qui
1342 3921 1434 3980 seruit
1448 3919 1555 3990 uentri,

428 4019 477 4093 qui
493 4020 606 4080 doditua
622 4020 748 4082 esconio
763 4023 879 4095 mundo,
895 4022 989 4096 quiin
1005 4040 1093 4097 prauo
1109 4023 1219 4097 positus
1234 4026 1287 4083 ost.
1566 4046 1592 4087 ro

495 4271 530 4324 28
547 4270 625 4324 Dcut.
645 4271 670 4331 6,
688 4272 734 4339 34;
754 4275 794 4339 10,
812 4277 855 4331 20.
