3720 4920
677 394 723 448 De
741 394 872 463 duplici
890 395 1056 463 ruartyrie
1074 410 1096 449 c.
1115 395 1228 450 ete-40.
1456 392 1521 465 247

381 556 411 613 te
426 568 503 611 mors
519 551 603 610 orbat
617 554 810 625 praematura,
840 551 1007 625 pestilentia
1033 554 1139 629 spoliat
1166 554 1196 612 te
1218 551 1387 624 carissimis,
1416 569 1522 628 sponsa

382 654 483 714 liberis
501 653 618 713 amicisi
639 654 714 714 ferto
729 654 873 727 patienter
888 659 917 714 et
932 656 994 714 dic:
1013 643 1148 716 ‘Domino
1165 656 1208 714 ita
1221 656 1326 726 uisum,
1357 658 1388 714 st
1402 656 1445 715 sic
1459 656 1518 714 for-

382 757 470 817 tassis
486 759 516 815 et
531 755 614 816 uobis
628 757 798 829 expediebat
820 758 849 815 et
875 757 990 818 nostris.
1022 759 1074 817 sit
1095 775 1224 817 nomeu
1246 756 1392 817 Domini
1413 758 1521 817 bene·

382 841 543 928 uictum'.
575 861 643 917 suut
669 863 698 918 et
723 858 814 918 morbi
840 860 969 933 quinon
991 862 1086 920 minus
1108 864 1221 920 atroces
1236 860 1345 919 habant
1368 859 1520 932 cruciatus,

358 979 468 1036 uquam
482 960 544 1021 ulla
558 963 657 1035 potest
672 960 779 1021 inferre
794 964 934 1022 tortorum
949 963 1081 1037 saeuitia,
1097 962 1190 1023 ueluti
1204 961 1349 1036 pleuritis,
1372 961 1519 1031 ischiasis,

379 1066 517 1142 podagra,
532 1063 686 1138 paralysis,
702 1064 838 1135 calculus,
849 1082 950 1124 renum
961 1069 991 1125 et
1001 1067 1116 1125 uesicae
1131 1065 1316 1125 exulceratio.
1332 1065 1393 1124 tale
1409 1064 1518 1137 siquid

381 1166 528 1239 acciderit,
544 1184 580 1227 ne
596 1183 677 1226 mens
694 1169 879 1242 exasperetur
895 1168 932 1228 ad
946 1168 1168 1243 impatientiam,
1183 1186 1220 1228 ne
1234 1167 1336 1242 lingna
1347 1169 1478 1242 erumpat
1490 1169 1520 1226 in

380 1286 463 1329 uoces
487 1269 687 1343 blasphemas,
717 1270 769 1329 ssd
795 1287 859 1330 cnm
884 1272 968 1330 beato
983 1270 1078 1330 Dauid
1102 1276 1133 1330 et
1159 1271 1227 1331 Heli
1253 1271 1402 1331 sacerdote
1427 1271 1520 1329 dicat:

379 1371 556 1432 Dominus
579 1370 804 1449 esu-,iaciat
838 1374 929 1447 quod
952 1373 1082 1433 bonum
1104 1375 1163 1433 est
1184 1373 1221 1431 iu
1244 1372 1366 1433 oculis
1389 1373 1520 1447 ipsius.

344 1491 371 1531 ro
380 1475 423 1534 ita
437 1473 516 1532 mala
532 1490 605 1546 quae
621 1490 677 1532 nou
692 1472 856 1533 inferuntur
881 1477 917 1534 ob
932 1473 1041 1534 Christi
1057 1474 1265 1548 professionem
1278 1477 1425 1534 uertemus
1439 1475 1522 1534 uobis

380 1577 412 1636 in
427 1592 560 1635 coronam
575 1578 605 1634 at
620 1575 735 1635 Christo
751 1575 782 1633 iu
798 1575 927 1649 gloriam.
945 1593 978 1635 ac
994 1575 1044 1635 fist
1059 1576 1192 1648 fortasse,
1217 1578 1252 1635 ut
1264 1575 1405 1635 Dominus
1419 1580 1521 1635 nostra

383 1677 537 1738 tolerantia
551 1677 725 1752 propitiatus
740 1679 792 1737 aut
807 1678 919 1738 auferat
934 1678 1104 1739 afflictiones
1121 1681 1172 1737 aut
1186 1679 1319 1752 mitiget:
1338 1678 1414 1750 quod
1428 1678 1453 1736 si
1465 1695 1521 1736 nou
1644 1658 1659 1678 ⁹

379 1779 423 1852 iit,
439 1782 537 1839 tamen
552 1781 608 1839 hac
624 1779 737 1839 ratione
750 1779 899 1853 iaciemus,
922 1783 956 1839 ut
970 1782 1046 1854 quod
1061 1783 1158 1841 auimo
1177 1779 1342 1854 impatienti
1355 1779 1460 1840 iniisset
1474 1781 1520 1838 in·

380 1881 532 1941 tolerabile
548 1880 600 1940 fiat
615 1881 760 1954 patientia
774 1883 883 1942 mitius.
907 1882 954 1941 his
977 1885 1063 1956 atqua
1091 1882 1255 1942 huiusmodi
1270 1882 1448 1956 argumentis
1464 1899 1521 1940 nou

346 1983 545 2044 rudesiuemus
577 2001 629 2042 nos
655 1984 779 2043 inuicem
795 1983 939 2043 exhortari
968 1984 1005 2042 ad
1030 1985 1233 2043 illustrandam
1247 1985 1363 2043 Domini
1387 1984 1521 2058 glorium,

382 2086 464 2146 euius
481 2085 601 2145 titulum
617 2090 647 2144 et
662 2085 790 2160 insignia
805 2087 940 2159 gerimus.
958 2088 1140 2159 praestemus
1156 2084 1201 2145 illi
1216 2085 1387 2160 martyrium
1414 2085 1444 2143 in
1470 2103 1520 2144 suo

382 2189 503 2261 quisque
518 2190 598 2246 stetu
613 2191 644 2247 et
660 2188 771 2260 ordine,
793 2184 850 2245 uon
867 2188 958 2246 selum
974 2189 1005 2246 in
1021 2185 1162 2262 aduersis,
1188 2204 1289 2247 uerum
1305 2187 1393 2246 otiam
1407 2188 1439 2244 iu
1452 2204 1521 2260 pro-

381 2289 483 2362 speris.
513 2288 544 2346 in
571 2288 704 2347 aduersis
731 2305 920 2363 agnoscamus
945 2306 1070 2349 amorem
1095 2289 1188 2364 patris
1215 2289 1392 2364 flagellantis
1415 2305 1467 2349 uos
1483 2288 1521 2347 ad

380 2391 586 2452 correctionem
603 2395 633 2449 et
649 2391 760 2465 gratias
775 2408 893 2465 agamus
909 2391 1024 2451 caritati
1040 2409 1098 2466 qua
1111 2391 1210 2466 diligit
1225 2408 1277 2451 uos
1293 2391 1433 2464 atilios,
1451 2409 1521 2466 quos

344 2507 371 2548 ao
382 2493 516 2552 abdicare
532 2510 589 2551 non
605 2491 671 2551 uult
686 2495 736 2552 sed
753 2494 918 2552 emendatos
935 2492 1071 2566 recipere.
1096 2495 1126 2552 in
1141 2494 1289 2568 prosperis
1304 2510 1394 2567 aequa
1409 2493 1521 2566 gratias

380 2612 500 2669 agamus
514 2593 597 2653 illius
612 2593 817 2669 bonitatique
832 2595 997 2656 consolatur
1008 2612 1061 2656 nos
1070 2597 1104 2654 ut
1119 2596 1313 2655 tentationum
1328 2595 1440 2668 pondus
1452 2611 1520 2667 pos·

380 2696 469 2755 simus
484 2697 645 2755 sustinere:
662 2695 705 2753 ita
720 2695 770 2755 liat
784 2698 818 2754 ut
833 2700 896 2756 tota
911 2696 973 2756 uita
988 2702 1088 2757 nostra
1102 2697 1178 2756 nihil
1193 2697 1272 2756 aliud
1284 2698 1325 2756 sit
1340 2713 1425 2769 quam
1436 2696 1521 2755 testi·

379 2800 515 2870 monium,
533 2798 687 2858 declarans
702 2799 779 2872 apud
793 2801 942 2860 credontes
957 2803 988 2858 et
1001 2799 1164 2860 incredulos
1180 2800 1352 2874 sapientiam
1364 2799 1521 2860 bonitatem

380 2901 605 2960 miscricordiam
622 2917 655 2959 ao
670 2901 822 2960 ueritatem
837 2900 890 2960 Dei
913 2900 1005 2974 patris
1032 2906 1062 2960 et
1087 2901 1141 2959 iiiii
1164 2901 1246 2960 illius
1268 2902 1335 2960 Iesu
1352 2904 1381 2961 ot
1397 2901 1521 2974 Spiritus

345 3022 369 3061 ae
380 3002 483 3062 sancti.
500 3020 593 3061 amen.

449 3217 723 3287 summm
