3720 4920
392 368 455 434 216
863 362 1048 433 Appendix.

391 524 561 597 promittens
576 523 712 581 Dominus
733 523 763 580 in
789 522 932 593 futurum,
963 520 1022 594 qui
1045 520 1149 594 digni
1182 520 1378 594 habentur,
1413 518 1521 593 inquit,

391 625 536 684 saeculi
569 623 677 682 illius
699 628 735 683 et
758 622 1048 682 resurrectionis
1078 639 1096 680 a
1123 622 1296 692 mortuis,
1319 635 1437 693 neque
1459 637 1519 678 nu-

390 728 480 785 bent
501 742 616 798 neque
632 724 837 796 nubentur,
859 722 1315 797 nequeenimmorientur.
1337 738 1415 780 nam
1431 722 1521 780 sunt

390 828 540 887 similes
572 826 722 901 angelis
751 827 830 885 Dei:
865 825 953 900 quia
985 824 1279 884 resurrectionis
1309 824 1388 882 lilii
1422 827 1518 883 sunt.

389 931 443 989 hoc
458 930 549 1003 exigit
565 931 665 988 sancta
680 929 869 1002 singularitas
884 928 1059 997 meritorum,
1084 931 1116 986 ut
1130 931 1283 1001 antequem
1295 927 1541 1000 transfigureturs

389 1032 448 1090 iam
474 1031 679 1105 transfigurata
705 1034 838 1090 cernatur
862 1031 893 1088 in
920 1029 1067 1102 angelicae
1093 1029 1235 1088 claritatis
1257 1033 1414 1101 aspectum,
1444 1044 1517 1102 qnae

389 1134 485 1192 emnia
510 1133 567 1192 sibi
593 1136 743 1206 amputans
770 1132 1017 1206 concupiscentiae
1033 1133 1188 1190 certamina
1202 1132 1406 1204 depraedatur:
1437 1128 1519 1189 cuins

388 1234 488 1293 landes
504 1235 636 1293 Salomon
651 1235 818 1308 exsequitur
834 1234 946 1293 dicens:
970 1232 1105 1292 melius
1127 1237 1289 1291 estesse
1314 1231 1393 1290 sine
1416 1230 1519 1290 filiis

388 1353 465 1395 cnm
482 1335 677 1395 claritate.
708 1333 1518 1404 inmortalitaseeteniminmemoriaillius,

388 1453 478 1514 qnae
512 1440 548 1494 et
580 1439 672 1510 apud
695 1438 805 1496 Deum
839 1442 927 1496 nota
960 1440 1015 1496 est
1052 1439 1089 1495 et
1111 1437 1205 1508 apud
1227 1437 1401 1495 homines.
1439 1452 1549 1495 cnmro

387 1555 569 1613 praesens
591 1542 647 1598 est
676 1538 873 1598 imitantur
901 1537 1021 1609 illam,
1044 1540 1080 1596 et
1106 1538 1322 1596 desiderant
1344 1554 1418 1595 earn
1440 1553 1519 1595 cum

388 1656 425 1699 se
462 1640 673 1699 abduxerit:
713 1643 748 1699 et
778 1640 814 1698 in
848 1643 1063 1713 perpetuum
1101 1643 1278 1698 coronata
1314 1640 1520 1712 triumphat

387 1741 750 1815 incoinquinatorum
774 1742 1014 1800 certaminum
1036 1743 1220 1813 proelium
1242 1743 1404 1801 uincens.

335 1854 376 1910 41
430 1842 496 1900 Non
511 1845 632 1902 estsine
648 1843 716 1901 filiis
733 1861 796 1901 cum
811 1843 944 1901 claritate
967 1842 1025 1900 nisi
1047 1843 1235 1915 singularitas
1261 1843 1331 1913 sola,
1359 1860 1444 1915 quarn
1460 1859 1517 1900 non

389 1943 483 2001 solum
499 1945 672 2002 conscientia
688 1960 741 2003 sua
763 1943 852 2003 nullis
868 1943 1002 2002 sordibus
1017 1944 1151 2015 maculat,
1177 1945 1228 2003 sed
1243 1944 1329 2003 etiam
1344 1945 1440 2003 nullae
1455 1944 1517 2016 opi·
1530 1967 1554 2006 re

388 2042 489 2102 niones
505 2048 654 2117 suspectae
670 2045 828 2118 parilitatis
843 2045 993 2103 infamant.
1025 2062 1092 2103 nam
1118 2046 1143 2104 si
1158 2047 1276 2104 castitas
1290 2047 1365 2119 quod
1381 2047 1425 2103 eet
1440 2046 1517 2103 ‹libi-

391 2144 445 2203 cile
462 2146 619 2204 masculum
635 2149 665 2205 et
679 2146 813 2205 feminam
829 2147 938 2220 pariter
953 2149 983 2206 in
998 2147 1167 2219 uirginitate
1182 2151 1339 2217 conseruet,
1361 2166 1417 2206 non
1432 2147 1519 2207 habet

390 2245 563 2316 claritatem,
580 2264 665 2320 qnam
681 2248 870 2308 communitas
882 2249 945 2321 ipsa
959 2266 1017 2307 non
1031 2251 1128 2321 potest
1142 2249 1199 2307 nisi
1213 2249 1383 2322 quibusdam
1398 2251 1516 2322 probro-

388 2347 508 2405 sitatum
524 2347 650 2405 tenebris
667 2349 828 2408 obscurare.
848 2349 1036 2423 singularitas
1054 2367 1120 2410 uero
1136 2349 1177 2408 ita
1191 2350 1269 2408 clara
1283 2347 1330 2408 est
1340 2350 1470 2408 omuibus
1485 2353 1515 2409 et

388 2452 497 2518 exerta,
521 2452 553 2506 ut
567 2450 677 2506 cunctis
694 2451 844 2523 splendere
859 2452 904 2510 sui
920 2453 1051 2512 candoris
1066 2470 1137 2526 pura
1152 2452 1352 2510 manifestetur
1366 2455 1395 2510 et
1410 2451 1550 2511 lucidare

386 2550 461 2607 unde
477 2567 530 2608 nos
546 2549 752 2623 sioapostolns
767 2553 866 2612 edocet
889 2553 1002 2613 dicens:
1035 2556 1135 2613 sicut
1163 2553 1242 2611 filii
1272 2553 1368 2611 lucis
1399 2553 1515 2612 ambu-

385 2649 484 2710 late:
515 2652 661 2711 fructus
694 2653 793 2711 enim
826 2654 983 2714 luminis
1016 2659 1075 2714 est
1107 2658 1142 2715 in
1171 2658 1264 2715 omni
1286 2656 1460 2714 bonitate
1482 2658 1518 2715 et

386 2749 542 2811 iustitia
588 2757 622 2812 et
659 2755 840 2825 ueritate,
874 2756 1078 2828 probantes
1109 2760 1201 2830 quod
1238 2758 1517 2830 beneplacitum

385 2853 437 2911 sit
467 2854 546 2914 Deo.
578 2858 608 2914 et
636 2855 756 2928 iterum,
787 2856 921 2930 omnia,
959 2857 1063 2933 inquit,
1104 2859 1224 2918 facite
1254 2859 1333 2918 sine
1362 2876 1516 2919 murmu-

384 2956 532 3014 ratione
563 2961 600 3015 ot
621 2958 892 3029 haesitatione,
917 2963 956 3017 ut
979 2961 1071 3018 sitis
1093 2962 1463 3032 inreprehensibiles
1479 2964 1552 3021 etse

384 3055 580 3127 simplices
603 3056 701 3115 sicut
723 3058 807 3116 filii
830 3059 893 3118 Dei
916 3059 1146 3119 immaculati
1162 3061 1197 3119 in
1213 3062 1326 3121 medio
1349 3062 1519 3120 nationis

385 3162 572 3230 prauaeet
587 3177 799 3234 pernersae,
822 3162 1183 3236 interquoslucetie
1199 3166 1296 3225 sicut
1318 3165 1518 3224 luminaria

453 3358 467 3408 1
486 3356 549 3411 Luc.
571 3358 614 3423 20,
631 3358 673 3411 35.
691 3359 732 3412 36.
901 3362 918 3414 8
936 3361 997 3430 Sap.
1015 3364 1041 3426 4,
1062 3364 1085 3414 1.
1103 3364 1129 3416 2.
1306 3364 1340 3416 21
1358 3363 1425 3432 Eph.
1444 3363 1470 3426 5,
1491 3363 1515 3417 8.

382 3441 417 3494 24
435 3439 507 3494 Phil.
526 3443 551 3504 2,
571 3443 612 3495 14.
631 3444 672 3496 15.

455 3627 614 3696 lpromisit
633 3629 669 3683 0¹
774 3631 802 3683 in
821 3646 907 3686 orae
1017 3631 1108 3699 inquit
1125 3631 1292 3687 habenturo
1395 3634 1517 3700 ineque

382 3712 412 3775 0,
432 3727 520 3765 nono
640 3714 742 3768 nubent
761 3730 797 3768 aa·
813 3717 920 3769 nubunt
942 3716 1056 3771 ΟΜ
1176 3717 1367 3771 bmeritoruru
1387 3719 1416 3780 0,
1436 3718 1517 3772 cleri·

381 3813 509 3852 cornuin
628 3800 857 3854 9immortalitas
876 3819 911 3856 ex
928 3802 1079 3855 inmortalis
1102 3802 1211 3857 GM
1343 3804 1377 3857 10
1395 3820 1463 3872 quae
1486 3804 1517 3868 0,

381 3882 481 3950 quino
598 3885 630 3939 12
647 3884 795 3940 duxeritO
906 3889 935 3941 et
953 3888 976 3942 0
992 3905 1013 3941 e.
1032 3888 1049 3941 1.
1067 3891 1139 3941 m.2
1254 3889 1288 3942 15
1305 3889 1427 3944 cordibus
1446 3891 1481 3945 0¹

382 3969 415 4020 16
432 3969 590 4051 parilitatis
604 3970 634 4034 0,
651 3971 819 4039 pluralitatis
838 3989 855 4027 o
942 3973 975 4025 17
993 3989 1046 4026 non
1064 3973 1213 4027 delendam
1231 3981 1320 4028 censet
1338 3977 1479 4029 Pometiae

382 4052 416 4105 18
433 4053 524 4124 quam]
543 4069 595 4123 quo
614 4054 700 4110 Osca
717 4043 734 4110 ὃ
752 4057 785 4111 in
802 4073 859 4115 rae.
876 4061 949 4113 nat
1041 4059 1074 4113 19
1092 4058 1226 4113 obscurari
1245 4077 1279 4113 ecc
1297 4059 1481 4115 obscuraret>

380 4138 414 4190 21
433 4140 472 4192 sic
490 4155 572 4195 noso
658 4142 692 4196 23
709 4142 776 4211 quid
799 4143 833 4198 0¹
919 4143 954 4197 25
972 4144 1152 4198 haesitatione
1171 4161 1205 4199 ca
1223 4146 1355 4199 haesitato
1378 4147 1480 4202 Cm.2

381 4223 417 4278 27
437 4223 550 4278 luceatis
574 4226 609 4281 0¹
