3720 4920
395 372 460 436 214
866 368 1049 439 appendix.

395 526 507 601 uiuunt,
519 528 549 586 et
560 527 630 586 talis
638 527 770 586 conuenit
781 527 955 587 sinceritatis
968 545 1036 586 cura
1044 527 1167 587 moratis
1180 526 1278 601 qualia
1288 530 1355 585 sunt
1366 543 1448 585 sacra
1459 527 1523 601 ipsa

396 629 501 704 quibus
516 630 653 689 exhibent
674 630 768 688 cilicia
789 630 951 700 seruitutis,
978 646 1014 689 ne
1036 629 1113 689 circa
1127 629 1280 687 Dominum
1302 629 1446 688 offendant
1467 628 1524 701 ipsi

396 733 472 806 quod
486 733 613 790 tractam
635 733 687 791 aut
708 733 783 792 circa
797 733 933 807 populum
955 731 1096 806 incipiant
1111 730 1240 805 inpedire
1256 731 1330 805 quod
1346 731 1521 805 praedicant.

396 835 606 908 propterquod
621 833 730 893 Paulue
751 835 898 907 apostolus
921 834 963 893 sic
985 832 1159 893 testificatur
1186 837 1215 891 et
1230 831 1315 893 dicit:
1339 836 1375 892 et
1396 833 1523 905 omnia,

395 935 499 1008 inquit,
523 935 763 1007 sustinemus,
785 937 940 1011 nequod
963 936 1254 1011 inpedimentum
1277 935 1397 994 demus
1418 951 1547 993 enan-e

395 1037 494 1112 gelio
528 1037 680 1097 christi.
718 1041 748 1098 et
780 1039 898 1098 iterum:
932 1038 1070 1098 nemini
1103 1038 1234 1096 dantes
1267 1036 1380 1096 ullam
1408 1035 1524 1096 offen·

396 1139 552 1210 sionem,
582 1142 712 1199 utnon
734 1139 970 1214 uituperetur
997 1139 1250 1198 ministerium
1271 1142 1447 1197 noetrum.
1470 1140 1525 1197 bac

395 1240 487 1313 igitur
498 1241 681 1301 institutione
691 1242 773 1302 uobis
785 1260 869 1316 quam
882 1243 1036 1316 plurimum
1051 1242 1238 1301 laborandum
1254 1243 1299 1300 est
1309 1242 1344 1301 de
1358 1240 1405 1312 iia,
1421 1241 1525 1314 quibus

396 1344 434 1401 ad
449 1343 688 1403 manifestandam
702 1346 874 1419 grauitatem
890 1345 1080 1417 singularitas
1093 1345 1184 1418 magis
1200 1361 1285 1417 quam
1297 1344 1429 1418 parilitas
1439 1343 1525 1402 testis

396 1461 465 1504 uera
480 1447 533 1504 est.
551 1446 686 1519 respicite
701 1450 808 1519 quanta
822 1446 900 1504 mala
915 1445 1095 1504 conuersatio
1109 1444 1268 1519 parilitatis
1280 1446 1365 1504 buius
1380 1445 1523 1519 adquirat,
1535 1461 1563 1500 ro

396 1565 469 1621 quae
484 1564 542 1607 non
557 1548 614 1607 nisi
629 1549 838 1623 corruptionem
853 1548 986 1620 seminat,
1010 1548 1135 1622 pullulat
1149 1548 1232 1620 uitia,
1255 1548 1440 1620 cupiditatem
1456 1565 1523 1607 con·

397 1649 478 1721 cipit,
494 1650 679 1723 ignominiam
695 1651 780 1722 parit,
811 1650 918 1708 rabiem
934 1651 1071 1718 concitat,
1098 1650 1220 1723 porrigit
1236 1650 1351 1720 iuriam,
1378 1649 1526 1707 lasciuiam

395 1751 500 1823 pascit,
516 1751 706 1823 petulentiam
721 1751 822 1820 nutrit,
838 1768 922 1810 caena
932 1752 1051 1822 exalta,
1067 1751 1165 1810 ruinas
1179 1751 1322 1821 aedificat,
1339 1749 1416 1822 ripas
1428 1750 1526 1823 erigit,

397 1853 567 1925 praecipitia
582 1854 709 1923 instruit,
730 1853 863 1925 periculis
879 1853 1009 1925 nauigat,
1031 1853 1191 1925 naufragiis
1207 1852 1341 1922 uelificat,
1368 1851 1526 1923 perditione

397 1954 520 2026 gaudet,
543 1955 692 2012 interitum
716 1954 803 2025 fouet,
828 1953 1021 2012 confusionem
1046 1957 1205 2023 mercatur,
1228 1955 1403 2012 thesaurizat
1423 1969 1563 2025 oppro·1e

396 2054 500 2125 brium,
516 2055 728 2113 criminationes
743 2058 908 2126 exaggerat,
923 2055 1120 2113 accusationes
1135 2056 1294 2112 inflammat
1309 2057 1338 2112 et
1359 2053 1526 2112 cateruatim

396 2157 484 2215 semel
511 2157 541 2214 in
567 2157 674 2217 faecem
699 2158 861 2230 glomerans
883 2173 1050 2216 numerosas
1073 2155 1222 2230 indagines
1238 2156 1401 2230 captionum
1417 2172 1466 2228 per
1480 2156 1526 2214 in·

397 2256 482 2316 finita
497 2259 665 2317 dedecorum
685 2258 859 2330 multiplices
874 2260 982 2317 mortes
998 2259 1109 2317 inuehit
1124 2259 1154 2316 in
1168 2258 1324 2331 perniciem
1340 2258 1525 2331 perditorum.

347 2357 387 2415 39
441 2359 495 2418 rlot
510 2360 607 2432 itaque
622 2362 651 2416 et
665 2362 761 2418 tantm
776 2363 888 2432 strages
904 2358 1080 2417 calamitatis
1094 2362 1124 2419 et
1139 2360 1280 2433 pessimae
1301 2358 1526 2419 conuersationis

397 2477 480 2520 nemo
495 2461 662 2535 prosternit,
684 2477 765 2519 nemo
781 2461 882 2531 calcat,
909 2477 992 2520 nemo
1008 2461 1146 2532 funestat,
1162 2461 1218 2519 nisi
1234 2461 1389 2534 singularis
1405 2461 1524 2520 castitas
1534 2480 1562 2521 ro

398 2561 462 2620 sola
476 2578 549 2635 quae
566 2562 720 2621 munimem
736 2563 875 2620 inuictum
901 2565 946 2620 est
973 2563 1178 2621 sanctimoniae
1200 2567 1230 2621 et
1252 2564 1424 2635 expugnatio
1440 2562 1526 2620 tortis

399 2661 544 2734 infamiae,
568 2662 746 2722 fortitudinis
760 2662 881 2721 firmitas
896 2664 927 2720 et
941 2662 1080 2721 lasciuiae
1094 2663 1253 2736 petulantis
1269 2663 1436 2733 infirmitas,
1458 2679 1526 2736 pro·

398 2764 500 2823 bitatis
516 2765 691 2838 praesidium
708 2768 736 2825 et
750 2765 935 2839 inprobitatis
951 2765 1103 2836 excidium,
1129 2766 1240 2824 animae
1267 2766 1388 2825 uictoria
1412 2768 1442 2823 et
1463 2784 1526 2826 cor·

398 2869 476 2940 poris
487 2868 603 2940 praeda,
619 2870 735 2926 ubertas
746 2867 901 2942 gloriarum
913 2870 943 2924 et
955 2867 1110 2939 captiuitas
1123 2868 1283 2937 criminum,
1299 2869 1426 2938 pronuba
1442 2885 1525 2926 sanc-

397 2967 494 3028 titatis
520 2971 550 3027 ct
580 2968 729 3043 repudium
753 2967 959 3040 turpitudinis,
998 2968 1173 3026 sinceritatis
1200 2967 1335 3026 iudicium
1358 2972 1388 3028 et
1408 2969 1564 3033 abolitione

399 3070 608 3142 scandalorum,
624 3070 790 3129 exercitium
807 3069 1000 3128 continentiae
1015 3071 1045 3127 et
1066 3070 1215 3128 euacuatio
1230 3073 1292 3127 tota
1306 3069 1444 3139 luxuriae,
1468 3087 1524 3142 pax

399 3187 500 3231 secura
514 3171 654 3230 uirtutum
670 3174 700 3230 et
715 3169 867 3231 debellatio
882 3169 980 3244 quieta
994 3168 1145 3241 bellorum,
1170 3171 1305 3244 puritatis
1320 3172 1429 3230 culmen
1446 3176 1475 3229 et
1489 3170 1526 3227 li·

398 3275 506 3333 bidinis
520 3291 627 3344 carcer,
643 3274 804 3332 honestatis
818 3275 919 3345 portus
935 3276 965 3330 et
980 3272 1153 3345 ignominiae
1168 3271 1346 3345 naufragalis
1361 3273 1449 3342 locus,
1465 3272 1526 3330 uir-

398 3376 533 3450 ginitatis
552 3379 645 3435 mater
660 3376 689 3435 et
703 3375 795 3435 bostis
810 3375 1008 3446 inmunditiae,
1036 3375 1125 3432 lorica
1141 3375 1258 3447 pudoris
1280 3377 1309 3433 et
1323 3375 1444 3447 spolium
1461 3390 1527 3446 pro·

466 3609 484 3662 4
501 3607 515 3660 l
534 3607 592 3663 Cor.
612 3609 637 3672 9,
656 3609 697 3661 12.
799 3608 816 3661 6
834 3608 864 3661 11
882 3607 941 3662 Cor.
960 3609 984 3669 6,
1003 3606 1027 3660 3.

468 3815 482 3865 1
502 3813 568 3865 talis
586 3813 702 3866 axeliis
724 3814 832 3868 ΟΜ
912 3827 976 3865 cura
993 3812 1157 3864 sinceritatis
1175 3829 1192 3865 o
1272 3811 1443 3866 loffendunt
1459 3813 1493 3868 0¹

398 3898 462 3953 sec
479 3898 547 3953 dicit
564 3914 651 3953 cm.o
761 3903 788 3952 et
805 3915 856 3952 om.
880 3898 903 3953 0
1016 3897 1033 3951 8
1052 3896 1086 3949 iis
1105 3913 1155 3951 om.
1179 3896 1202 3952 0
1303 3898 1320 3950 9
1337 3898 1466 3968 paralitas
1485 3897 1529 3962 0¹,

397 3984 542 4052 pluralitas
559 4001 577 4038 c
710 3983 743 4036 10
759 3983 914 4051 paralitatis
936 3981 971 4036 0ι
1106 3983 1138 4035 13
1155 3999 1177 4034 r.
1196 3983 1278 4050 erigit
1299 3983 1329 4046 0,
1347 4001 1368 4036 r.
1386 3983 1467 4052 eripit
1483 3983 1529 4038 recl

398 4069 507 4136 rapinae
524 4069 643 4136 exigito
758 4070 791 4121 19
809 4069 846 4135 et]
866 4067 910 4121 uel
932 4067 955 4122 C
1075 4071 1113 4136 et]
1131 4070 1158 4120 et
1176 4069 1281 4135 strages
1300 4066 1323 4122 0
1435 4069 1468 4121 21
1487 4068 1529 4121 in·

398 4154 473 4207 uicta
491 4153 525 4208 0¹
645 4153 842 4222 receptiorem
864 4152 894 4215 0,
912 4151 1045 4205 sterilitas
1062 4152 1108 4206 recl
1126 4151 1296 4219 eupiditsso
1415 4154 1450 4206 26
1467 4169 1528 4207 eua-

399 4238 627 4307 cuati01nacatio
650 4238 674 4292 0
774 4237 808 4289 27
826 4236 948 4304 inquieta
970 4238 993 4292 0
1094 4237 1129 4290 29
1146 4237 1275 4292 luricaG
1557 4242 1559 4247 ⁴
