3720 4920
844 366 1028 439 appendix.

386 839 479 936 nn.
518 840 591 938 nn
629 769 917 941 evennenn
947 840 1210 942 involvis
1243 842 1487 942 ennensi.

828 1253 1056 1328 numanum.

415 1401 576 1484 Duodecim
597 1424 719 1483 abusiua
739 1427 807 1483 sunt
830 1423 946 1484 saeculi
973 1425 1028 1484 hoc
1053 1428 1113 1483 est:
1141 1425 1256 1498 sapiens
1278 1424 1340 1483 sine
1363 1420 1503 1496 operibns,

373 1540 461 1585 senex
477 1526 539 1585 sine
555 1521 711 1598 religiono,
732 1525 901 1584 adulescens
917 1525 980 1585 aine
991 1525 1186 1599 oboedientia,
1207 1526 1289 1586 diuos
1304 1525 1365 1584 sine
1378 1524 1503 1583 eleemo-

373 1644 462 1702 syna,
483 1627 592 1687 femina
612 1627 674 1686 aine
696 1626 852 1701 pudicitia,
868 1625 1000 1687 dominns
1022 1628 1084 1686 sine
1099 1627 1225 1700 uirtute,
1242 1627 1414 1686 christianus
1434 1634 1523 1684 con-⁶

374 1728 534 1801 tontiosus,
550 1745 659 1803 pauper
677 1729 835 1803 superbus,
851 1746 901 1789 rex
915 1729 1048 1804 iniquus,
1063 1730 1214 1805 episcopus
1229 1730 1401 1805 neglegens,
1421 1727 1504 1800 plebs

377 1830 439 1890 sine
454 1830 617 1905 disciplina,
642 1830 766 1907 populus
782 1832 845 1892 sine
859 1830 934 1906 lego.
951 1831 993 1892 sic
1019 1833 1173 1893 suffocatur
1203 1832 1329 1892 iustitia:
1350 1830 1422 1889 haec
1437 1830 1505 1888 sunt

376 1933 526 1995 duodecim
536 1933 659 1993 ebusina
669 1933 777 1994 saeculi
786 1951 838 2008 per
849 1951 922 2007 quas
936 1934 1043 1994 saaouii
1053 1938 1127 2006 rota,
1143 1934 1169 1993 si
1184 1934 1215 1992 iu
1229 1933 1280 1993 illo
1293 1932 1411 2003 inerint,
1426 1931 1504 1991 deci-

375 2033 455 2109 pitur
475 2037 505 2092 et
519 2034 556 2094 ad
571 2034 675 2094 tentari
695 2035 830 2095 tenebras
852 2035 931 2095 nullo
951 2035 1123 2109 impediente
1144 2035 1275 2095 iustitiae
1294 2032 1432 2107 suffragio
1454 2048 1505 2106 por

375 2133 483 2194 iustum
498 2135 552 2194 Dei
566 2135 704 2194 iudicium
717 2139 840 2195 rotatur.
1515 2158 1540 2197 oo

694 2317 856 2376 SAPIENS
878 2318 966 2377 SINE
988 2319 1185 2378 OPERIBVS.

349 2475 365 2531 1
421 2472 519 2532 Primo
534 2473 597 2532 sine
612 2472 695 2533 bonis
710 2472 841 2545 oponibus
856 2470 972 2545 sapiens
983 2474 1012 2532 et
1026 2471 1241 2544 praedicatorsi
1256 2470 1353 2543 fuerit,
1369 2468 1418 2544 qui
1430 2469 1506 2541 quod

377 2591 506 2636 sermone
531 2575 630 2647 docet,
652 2573 764 2634 actibus
784 2574 898 2646 explere
929 2573 1065 2647 neglegit.
1093 2575 1235 2633 auditores
1255 2571 1334 2631 enim
1360 2570 1506 2632 doctrinae

377 2676 456 2736 dicte
476 2677 678 2748 contemnunt,
704 2691 768 2734 cum
788 2674 994 2748 praedicatoris
1019 2692 1105 2748 opera
1125 2672 1383 2749 apraedicationis
1410 2674 1506 2733 uerbis

374 2775 538 2850 discrepare
553 2775 749 2850 conspiciunt:
771 2793 924 2849 numquam
940 2778 1015 2836 enim
1029 2777 1062 2836 dt
1077 2777 1177 2836 adicax
1191 2774 1384 2849 praedicantis
1405 2777 1504 2835 aucto-
1515 2792 1540 2830 ne

375 2878 458 2951 ritas,
474 2878 532 2937 nisi
546 2895 610 2938 eam
624 2879 728 2938 edoctu
742 2878 836 2952 operis
851 2879 929 2939 cordi
944 2879 1076 2938 adfixerit
1090 2878 1241 2949 audientis,
1257 2877 1427 2950 praesertim
1442 2894 1506 2936 cum

375 2981 406 3040 at
419 2978 481 3054 ipae
496 2979 605 3053 doctor,
621 2979 648 3039 si
658 2977 689 3038 in
699 2977 835 3039 uitiorum
846 2997 970 3040 amorem
981 2979 1115 3054 delapsus
1135 2979 1234 3051 fuerit,
1248 2977 1369 3038 alterius
1380 2978 1505 3037 doctoris

374 3081 610 3141 medicamentum
631 3080 692 3140 suis
712 3081 880 3142 uulneribus
905 3082 1041 3143 adhibere
1062 3081 1260 3156 pannipondat.
1288 3081 1363 3139 unde
1390 3082 1420 3139 et
1443 3081 1504 3153 ipso

374 3181 513 3242 Dominus
528 3183 559 3240 in
572 3182 722 3256 enangclio
751 3184 787 3243 de
812 3181 941 3244 doctrina
955 3183 1062 3257 pariter
1087 3186 1117 3243 et
1141 3183 1215 3242 bono
1240 3197 1325 3255 opere
1350 3180 1506 3254 discipulos

444 3480 547 3551 Incipit
564 3480 597 3536 de
614 3480 755 3535 duodecim
772 3480 894 3535 abusiuis
912 3480 1013 3534 saeonli
1036 3480 1070 3543 θ,
1092 3479 1195 3550 Incipit
1216 3479 1333 3548 epistula
1351 3481 1439 3533 sancti
1456 3481 1508 3548 Cy·

375 3566 464 3635 priani
481 3567 609 3634 martyria
631 3565 663 3631 V,
687 3565 791 3634 Incipit
811 3565 921 3620 libellus
939 3564 1027 3620 mnoti
1044 3565 1165 3634 Cipriani
1181 3565 1300 3634 episcopi
1317 3564 1351 3618 do
1368 3564 1507 3618 duodecim

374 3652 495 3707 abusiuis
513 3652 614 3707 maeuii
626 3653 661 3706 Χ
682 3681 715 3694 -
732 3651 749 3704 ‘1
767 3652 816 3721 sio]
834 3652 932 3720 quitus
954 3651 981 3705 V
1045 3651 1120 3721 haec]
1139 3652 1211 3706 anim
1223 3651 1474 3707 odd.Ga.1.na2

372 3737 778 3808 dperquaeaaeculionaX
845 3737 930 3791 inanit
951 3736 978 3790 V
1043 3737 1205 3806 tsuffiagio
1224 3753 1274 3791 om.
1299 3735 1325 3790 V
1393 3738 1424 3790 11
1444 3754 1465 3790 s.
1485 3753 1507 3790 s.

372 3822 497 3892 operibus
515 3823 595 3878 bonis
617 3823 652 3888 θ,
670 3840 691 3878 a
710 3839 731 3876 a.
749 3823 827 3878 bonis
844 3811 969 3892 operibus
986 3823 1017 3877 X
1021 3843 1031 3890 ;
1049 3839 1099 3878 cm.
1117 3825 1189 3878 tune
1207 3829 1232 3877 et
1250 3823 1371 3892 retiquae
1388 3824 1508 3892 inscrip-

372 3909 459 3963 ttonaa
480 3907 522 3963 Va
593 3909 627 3962 12
644 3909 740 3978 primo]
759 3909 861 3978 primus
879 3907 1017 3963 abusionis
1034 3908 1134 3978 gradm
1151 3912 1193 3962 eat
1212 3908 1272 3964 ain
1345 3909 1370 3962 ei
1388 3923 1474 3964 οΜ

374 3993 409 4047 14
425 3992 500 4047 dicta
517 3993 605 4048 iacere
621 4011 640 4050 o
765 3995 799 4050 15
815 3993 858 4064 fit]
876 3994 910 4048 fit
927 3996 984 4047 tam
1007 3993 1034 4047 V
1162 3993 1354 4065 praedicantis]
1373 3996 1505 4048 constitu·

375 4077 481 4134 antiae
561 4081 596 4135 16
615 4081 684 4150 eam]
702 4080 785 4134 otiam
809 4080 836 4133 V
917 4080 1014 4134 adactu
1038 4080 1146 4135 G¹V¹X
1231 4079 1508 4143 ltaiGa.d.na2;

375 4164 447 4219 siin
464 4179 515 4220 cm.
537 4165 565 4222 V
677 4181 765 4220 amora
785 4165 814 4220 X
936 4164 1058 4235 dilapsus
1079 4165 1132 4221 dx
1252 4166 1287 4220 18
1304 4163 1428 4220 adhiberi
1450 4166 1476 4220 V

374 4250 548 4322 pannipandit
565 4252 611 4309 Xo
715 4253 749 4307 19
766 4252 808 4323 da]
827 4267 887 4307 cum
904 4250 938 4306 de
959 4251 986 4305 V
