3720 4920
867 364 1047 433 Appeudix.

586 523 698 582 Institit
713 521 877 597 inpulsam:
901 523 978 597 quid,
994 524 1045 593 sit,
1061 523 1223 583 discrimine
1238 523 1267 581 in
1283 524 1340 584 iste

590 625 703 684 Somms
717 641 786 684 nure
801 625 900 685 uenis?
916 628 1052 700 tantoque
1067 626 1097 684 in
1112 628 1226 686 turbine
1240 630 1354 701 portum

524 729 565 786 60
587 727 669 785 Solus
684 728 794 785 hebes?
818 744 853 786 en
867 728 944 786 unde
958 727 1059 800 operit,
1083 744 1148 800 spes
1163 729 1247 787 unies
1261 729 1359 788 diuum
1373 734 1429 790 est.

585 829 627 888 Tu
642 846 762 904 quoqne,
779 831 897 904 quisque
911 829 967 890 tibi
981 830 1057 889 Deus
1069 834 1123 903 est,
1135 830 1181 889 die
1196 834 1263 890 nete
1278 849 1431 907 precesque

586 932 754 1004 Indigetuns
770 932 892 1005 petrium
907 932 1024 1004 supplex
1039 931 1176 991 infleetito
1192 949 1306 992 numen.

585 1034 658 1092 Exin
673 1035 738 1108 quis
754 1035 853 1107 enlpue
867 1034 1005 1107 proprior,
1022 1033 1085 1106 quis
1101 1051 1186 1092 oense
1200 1034 1343 1107 procellae

585 1137 702 1196 Discere
717 1137 792 1196 sorte
807 1136 912 1210 plaeet,
926 1153 977 1194 nee
992 1153 1053 1195 sore
1068 1136 1205 1194 mentitur
1219 1137 1319 1194 Ionan.

524 1239 564 1297 65
586 1238 664 1298 Tune
675 1237 815 1310 rogitant:
832 1237 896 1311 quis
907 1240 935 1296 et
946 1237 1019 1295 unde
1034 1237 1188 1308 hominum,
1204 1237 1269 1311 quis
1280 1238 1400 1312 denique
1412 1256 1516 1311 rernm,

585 1339 645 1408 Quo
660 1339 774 1416 populo,
791 1356 847 1410 qua
860 1339 927 1397 sede
942 1338 1035 1397 eleis?
1059 1339 1194 1396 tumulum
1209 1338 1259 1397 ille
1275 1339 1384 1398 fatetur

586 1439 845 1511 Proetimidumque
860 1440 921 1510 Dei,
937 1440 985 1512 qui
1002 1440 1111 1498 eaelum
1127 1440 1246 1498 sustulit
1261 1439 1329 1512 ulte,

587 1541 641 1610 Qui
655 1543 760 1600 terram
774 1541 878 1614 posuit,
894 1541 943 1614 qui
958 1541 1049 1599 totum
1063 1557 1178 1614 eorpere
1193 1540 1286 1600 fudit:

586 1641 682 1715 Ipsius
697 1645 727 1702 et
742 1658 804 1701 sese
818 1642 969 1716 profugum
985 1658 1138 1716 musasque
1154 1644 1272 1701 reuelst.

524 1745 565 1802 70
587 1744 742 1816 Deriguere
757 1747 842 1803 metu.
858 1744 927 1817 quid
943 1760 993 1802 nes
1009 1743 1098 1817 igitur
1112 1744 1164 1803 tibi
1181 1744 1302 1818 culpes?

587 1845 661 1914 Quin
675 1847 735 1905 fore
749 1843 845 1904 nune?
868 1862 988 1919 quonum
1004 1845 1180 1917 placabimus
1196 1862 1321 1920 sequere
1334 1850 1440 1919 pectet

588 1946 717 2020 Namque
733 1947 825 2020 megis
840 1945 983 2019 multoque
999 1948 1091 2019 magis
1106 1947 1180 2004 freta
1194 1964 1280 2006 saeue
1293 1949 1456 2008 tumebant.

587 2049 659 2107 ‘lum
673 2049 786 2107 Domini
802 2051 883 2107 uetes
897 2049 1011 2121 ingestu
1026 2048 1144 2120 spiritus
1159 2047 1236 2106 infit:

587 2149 632 2206 En
647 2166 699 2222 ege
715 2151 878 2222 tempestus,
894 2166 947 2221 ego
962 2152 1023 2207 teto
1038 2149 1150 2207 insanie
1164 2150 1273 2220 mundi,

525 2250 565 2307 75
588 2250 622 2307 In
637 2268 691 2322 me,
707 2251 809 2324 inquit,
826 2250 907 2309 uobis
922 2251 1019 2310 aether
1030 2251 1088 2309 ruit
1104 2254 1133 2308 et
1147 2266 1223 2309 mere
1239 2251 1343 2324 surgit,

589 2352 681 2434 lnme
696 2356 773 2410 terre
788 2351 895 2424 preonl,
910 2369 985 2410 mers
999 2352 1133 2425 proximu,
1149 2351 1228 2409 nulle
1243 2351 1294 2408 Dei
1311 2368 1386 2424 spes.

590 2452 662 2521 Quin
679 2453 743 2511 dete
759 2452 941 2526 praeeipitem
956 2469 1079 2524 eausam,
1097 2469 1253 2526 nouemque
1267 2452 1398 2511 leuentes

587 2556 682 2613 Vnum
695 2572 766 2613 enus
781 2556 834 2613 hoo
850 2571 982 2626 magnum
998 2554 1098 2627 polege
1113 2555 1216 2612 ieetute
1232 2553 1348 2613 uolenti.

589 2657 644 2714 Ast
659 2655 702 2712 illi
719 2657 827 2714 frustra
842 2655 973 2713 nituntur
993 2659 1103 2714 uertere
1119 2672 1231 2713 cursum

525 2757 567 2815 80
588 2757 623 2813 ln
637 2757 769 2829 reditum,
784 2774 837 2815 nee
852 2757 950 2814 olenus
965 2757 1039 2814 enim
1055 2755 1180 2830 torqueri
1195 2757 1316 2826 sinebat,

589 2856 667 2914 Dura
681 2875 733 2917 nee
750 2862 897 2916 orrtemnse
912 2857 1014 2915 meteri
1031 2857 1104 2915 libra
1119 2857 1241 2917 uolebat.

588 2962 735 3022 Postremo
750 2963 786 3020 ad
799 2960 965 3019 Dominum:
982 2978 1016 3019 ne
1031 2978 1082 3018 nos
1098 2960 1127 3018 in
1142 2960 1242 3019 mertis
1258 2961 1367 3020 hiatum

470 3269 504 3322 69
521 3269 625 3322 somnis
642 3284 706 3322 nere
723 3269 796 3323 oanis
815 3270 876 3330 ΑΔ,
894 3268 1026 3321 somniare
1043 3267 1119 3335 espit‘
1133 3268 1192 3321 Iur.
1358 3266 1392 3320 60
1409 3283 1443 3320 en
1460 3270 1523 3332 Aa,
1584 3287 1585 3292 ¹

401 3369 448 3407 nes
467 3353 529 3407 Iur.
632 3354 693 3406 unio
711 3354 737 3405 A
849 3354 882 3406 61
901 3352 1022 3420 quisquis
1041 3353 1099 3405 Iur.
1211 3353 1246 3405 62
1263 3368 1348 3406 erue
1451 3351 1521 3405 indi-

400 3442 496 3508 getens
514 3439 616 3502 Oebler,
634 3439 769 3508 indigetes
782 3441 816 3503 A,
836 3438 973 3508 indegetee
986 3443 1018 3503 A,
1034 3437 1167 3507 indigetes
1180 3438 1286 3493 Mttlter
1355 3456 1448 3494 nornen
1462 3441 1486 3493 A

402 3525 438 3578 63
454 3525 522 3578 erim
541 3524 593 3577 ΑΔ
701 3525 1069 3593 preriorA‚preprise1ur
1176 3524 1210 3576 66
1228 3524 1296 3577 eluis
1315 3529 1347 3587 A,
1366 3525 1443 3577 eliuis
1460 3526 1489 3577 A

401 3609 435 3662 67
452 3609 642 3679 praetimidum
659 3609 793 3678 fidumque
812 3609 854 3662 dei
872 3609 919 3677 qui
936 3608 1048 3661 sustulit
1065 3609 1151 3660 altum
1174 3609 1232 3661 Iur
1372 3609 1443 3661 elteo
1460 3610 1487 3661 A

399 3696 434 3749 68
451 3698 540 3750 tetum
555 3702 587 3760 A,
605 3697 691 3750 tetam
703 3698 739 3758 A,
751 3698 862 3764 pontum
874 3696 938 3760 sert.
1024 3694 1058 3746 69
1075 3696 1103 3747 et
1114 3709 1193 3748 erese
1280 3694 1315 3747 70
1325 3692 1488 3762 dirrguereo

315 3840 319 3847 ·
401 3806 492 3874 eelpee
505 3807 531 3858 A
576 3807 607 3860 71
621 3806 677 3860 lore
694 3824 727 3861 ne
744 3822 788 3890 qm
807 3804 970 3875 placebimus
990 3812 1014 3858 A
1081 3806 1169 3875 pecto]
1187 3803 1259 3858 sueto
1279 3804 1341 3858 lor.
1411 3803 1445 3856 72
1463 3819 1520 3858 see-

401 3907 436 3943 ιιι
453 3891 602 3960 tumebant]
621 3893 744 3944 senatum
763 3878 855 3960 optent
872 3892 899 3944 A
1025 3893 1059 3946 73
1075 3908 1126 3945 em
1143 3908 1160 3945 u
1286 3891 1394 3959 ingestu
1411 3891 1519 3958 scripsi,

402 3975 508 4045 ingesto
526 3981 559 4040 A,
578 3977 699 4045 ingestus
718 3980 744 4030 A
814 3978 874 4032 75
865 3995 894 4032 ιιι
912 3979 962 4047 me]
982 3993 996 4030 e
1013 3984 1038 4030 A
1106 3976 1182 4029 ether
1200 3981 1225 4029 A
1294 3976 1326 4028 77
1344 3962 1443 4044 poitem
1462 3981 1487 4027 A

401 4061 436 4114 78
452 4062 620 4117 uolenteme
744 4063 848 4133 791111]
867 4063 949 4118 istie
1070 4063 1170 4116 80—81
1189 4062 1308 4130 torqueri
1327 4060 1435 4115 uolebat
1452 4060 1518 4115 durs

401 4163 448 4201 nee
470 4150 609 4203 entemnee
633 4150 738 4218 (antone
756 4151 791 4218 A)
814 4152 912 4204 metari
930 4150 1000 4204 libro
1017 4148 1122 4203 sinebat
1139 4150 1205 4213 AA;
1228 4164 1277 4203 em.
1297 4148 1357 4201 Iur.
1376 4147 1521 4217 utriquest

401 4235 522 4303 torquere
540 4236 599 4289 ereb.
704 4236 793 4292 eluuos
810 4252 858 4290 nee
875 4236 944 4291 enim
963 4237 1086 4304 torquere
1102 4233 1229 4288 nelebsnt
1247 4238 1297 4289 cte.
1313 4233 1421 4288 Miller
