3720 4920
385 325 427 389 96
720 332 724 340 ·
859 316 1044 387 monendis,

265 526 266 529 ,
385 493 469 536 nere
499 477 627 535 donum
656 476 751 550 qnod
774 476 810 534 in
832 478 867 535 te
889 478 948 536 est
975 493 1038 550 per
1065 476 1330 550 inpositionem
1357 493 1521 535 manuum

385 579 583 639 seniorum:
617 578 814 653 accingere
850 579 1007 639 fortiter
1039 582 1075 637 et
1107 577 1280 638 uiriliter
1316 595 1382 652 age
1417 578 1520 637 mini·

384 683 537 741 sterium
559 685 669 753 tunm,
692 699 769 742 cum
791 681 1018 754 integritate
1040 680 1257 755 persnpple:
1281 684 1360 741 esto
1382 681 1522 740 ceteris

383 782 419 840 iu
442 783 548 842 bonis
570 783 780 856 exemplum.
806 797 907 842 nemo
929 781 1002 840 tibi
1017 782 1260 859 contradicat,
1283 798 1385 841 nemo
1400 782 1521 841 iuuen-

383 884 498 942 tutem
519 886 616 943 tuam
639 886 864 944 contemnat:
887 886 1101 957 peccantem
1124 899 1240 943 coram
1254 882 1543 958 multisargue,s

383 987 423 1044 nt
444 989 480 1045 et
502 987 618 1046 ceteri
640 990 772 1046 metum
794 987 956 1046 habeant
977 988 1012 1044 et
1032 1002 1074 1045 ne
1096 986 1424 1046 communicaueris
1445 1003 1522 1060 pec·

384 1089 481 1148 catis
508 1089 655 1149 alienis.
690 1088 862 1148 etiterum:
896 1089 928 1148 si
953 1087 1014 1162 qui
1036 1088 1156 1147 frater
1177 1086 1407 1147 fornicarius
1430 1088 1520 1149 dici-

384 1192 445 1250 tur
477 1195 540 1251 aut
572 1191 756 1251 idolorum
790 1191 912 1250 cultor
945 1191 1008 1249 ant
1040 1207 1173 1249 auarus
1201 1194 1264 1249 aut
1291 1193 1419 1265 raptor
1441 1190 1521 1251 siue

384 1292 558 1364 iniustus,
592 1310 668 1352 cnm
701 1293 879 1352 eiusmodi
912 1291 1055 1366 quidem
1088 1308 1153 1350 uec
1187 1291 1306 1351 cibum
1328 1309 1468 1367 capere.
1492 1297 1522 1353 et

385 1395 442 1454 alia
462 1394 541 1454 loco:
576 1395 795 1469 quicumque
828 1394 948 1454 irater
980 1410 1076 1454 more
1104 1393 1401 1467 alienigenarum
1423 1394 1556 1455 ninitrc

385 1500 421 1557 et
441 1497 612 1556 admittit
647 1513 706 1555 res
739 1496 884 1554 similes
917 1495 1032 1555 factis
1067 1511 1197 1568 eorum,
1232 1495 1361 1555 desine
1383 1496 1419 1554 in
1441 1514 1521 1557 con·

384 1598 523 1657 ciuium
547 1598 743 1657 eiusesse:
768 1595 1113 1669 quodnisifeceris‚
1136 1598 1522 1670 ettnparticopeeius

385 1698 471 1759 eris.
504 1702 535 1758 et
556 1699 586 1757 in
609 1698 747 1759 doctrinis
770 1696 978 1771 apostolorum:
1012 1696 1146 1771 siquis
1179 1698 1298 1757 irater
1332 1699 1522 1773 delinquit

386 1799 424 1857 iu
445 1799 741 1859 ecclesiaetnon
763 1800 871 1872 paret
892 1797 979 1872 legi,
1002 1798 1063 1857 hic
1084 1815 1148 1857 nec
1169 1798 1384 1873 colligatur,
1407 1801 1521 1861 donec

385 1901 655 1973 paenitentiam
689 1902 787 1974 agat,
821 1902 856 1959 et
886 1917 954 1958 non
986 1899 1202 1973 recipiatur,
1236 1900 1555 1975 coinquinatura

385 2003 421 2061 et
440 2002 658 2074 inpediatur
680 2002 803 2061 oratio
825 2003 962 2059 uestra.
987 2003 1017 2058 et
1038 2001 1184 2073 apostolus
1206 2001 1310 2060 iterum
1333 2002 1423 2061 dicit:
1447 2000 1523 2063 exi·

385 2102 472 2160 mite
494 2102 610 2162 malos
625 2119 641 2161 e
656 2102 772 2162 modio
795 2105 932 2161 nestro.
955 2102 1030 2175 qnod
1046 2101 1141 2175 siper
1154 2102 1308 2162 multorum
1324 2104 1442 2163 testium
1457 2104 1522 2163 uui·

385 2207 475 2263 tatem
498 2208 527 2264 et
550 2208 751 2265 consonantem
774 2205 958 2265 monitionem
982 2204 1115 2264 docemur
1137 2223 1189 2265 nec
1204 2222 1267 2264 cum
1291 2205 1523 2280 delinquentibus

384 2305 523 2365 fratribus
538 2335 570 2370 aa
585 2323 639 2366 nec
653 2307 747 2366 cibum
763 2307 877 2381 quidem
892 2305 981 2379 uesci,
997 2309 1103 2379 quanto
1114 2306 1207 2381 magis
1222 2308 1325 2366 debeat
1340 2309 1370 2365 et
1381 2309 1417 2366 ab
1433 2308 1522 2368 sacri·

384 2406 448 2467 ficio
464 2406 571 2467 Christi
586 2408 703 2467 areeri?
1530 2429 1557 2470 ao

355 2509 375 2567 5
428 2510 518 2579 Quam
544 2526 649 2583 magna
674 2516 704 2568 et
729 2510 813 2583 larga
839 2509 933 2583 pietas
959 2509 1075 2569 Domini
1089 2509 1231 2581 fidelium,
1257 2511 1332 2583 qnod
1347 2510 1377 2567 in
1392 2511 1521 2569 futurum

383 2614 528 2685 praescius
544 2613 626 2671 uobis
641 2612 783 2682 consulat,
798 2629 835 2670 ne
849 2612 914 2685 quis
930 2612 1021 2671 irater
1041 2612 1174 2671 incantus
1185 2614 1276 2671 denuo
1292 2611 1403 2685 laqueis
1415 2611 1521 2671 diaboli

451 2823 682 2887 cleonem.
788 2824 885 2877 10¹2?
1148 2825 1244 2879 led?

384 2906 525 2962 161001.
544 2908 569 2972 5,
588 2908 629 2961 13.

452 3077 467 3129 1
485 3091 581 3130 manns
599 3075 677 3145 DQ’,
695 3091 803 3129 manum
822 3075 902 3146 Met
920 3091 1000 3129 annm
1021 3077 1049 3130 T
1165 3077 1183 3131 3
1200 3082 1227 3131 et
1245 3094 1304 3132 cnm
1322 3098 1339 3135 o
1457 3097 1520 3150 sup·

381 3160 461 3229 pice
552 3161 571 3214 4
587 3158 709 3214 inbonis
726 3158 802 3228 DQ’,
821 3159 850 3213 iu
868 3159 968 3214 bonum
986 3161 1094 3232 MQ'T,
1113 3161 1241 3217 bonumc
1347 3165 1365 3217 5
1383 3179 1466 3233 argue
1482 3166 1520 3230 D,

382 3246 487 3314 castiga
506 3245 573 3315 QTo
686 3245 744 3298 'lei
762 3244 824 3312 quie
843 3245 884 3315 (io
993 3246 1093 3300 dicitnr.
1108 3263 1159 3301 oen.
1181 3247 1249 3317 QTo
1356 3249 1374 3302 9
1391 3249 1518 3321 iniustus]

382 3329 448 3385 edd.
466 3346 495 3385 o:
512 3330 669 3384 nominatus
686 3329 771 3382 fuerit
869 3329 1024 3385 huiusmodi
1043 3330 1073 3384 D
1175 3333 1209 3386 11
1227 3334 1378 3388 conuictum
1396 3336 1434 3389 Μ
1436 3335 1519 3405 ’ρ’Τ,

381 3416 506 3470 conuictu
519 3415 622 3485 M‘Q'o
701 3414 735 3468 12
752 3417 784 3467 tu
802 3414 930 3469 feceriso
999 3417 1034 3471 13
1048 3417 1101 3471 eris
1118 3419 1176 3472 eius
1195 3417 1263 3488 QTo
1341 3422 1369 3473 et
1386 3435 1437 3474 oca
1455 3419 1485 3473 D

383 3499 574 3569 apostolorum]
593 3501 636 3553 oet
653 3498 684 3553 D
777 3500 812 3553 14
828 3501 932 3569 ..paret
949 3501 993 3567 M,
1012 3505 1123 3570 apparet
1138 3502 1222 3573 Dor
1310 3505 1450 3574 colligitur
1460 3505 1488 3558 Τ

383 3584 417 3637 16
428 3585 511 3638 etiam
524 3583 623 3637 iterum
640 3583 707 3654 QTo
777 3571 1016 3654 lineamentum
1029 3588 1067 3641 Μ
1075 3587 1123 3641 aed
1136 3603 1163 3640 m
1175 3589 1206 3643 in
1217 3604 1273 3643 ras.
1329 3605 1375 3659 per
1387 3589 1485 3643 addidi

381 3668 523 3737 unitatem]
542 3669 653 3723 uariae
758 3669 793 3723 18
809 3672 967 3724 consonanti
984 3671 1131 3725 monitione
1148 3688 1165 3725 o
1267 3673 1392 3727 docemus
1403 3674 1488 3745 DQT

380 3770 428 3809 nec
441 3771 500 3809 com
512 3755 611 3826 M‘Q',
622 3771 718 3810 necnm
730 3755 883 3827 mon,
896 3773 981 3811 cumo
1050 3759 1084 3811 19
1093 3757 1224 3813 fratribus
1236 3775 1296 3813 cum
1309 3760 1439 3815 fratribus
1455 3762 1518 3832 QT;

379 3841 574 3894 communicare
592 3846 658 3894 cate
669 3856 718 3894 noc
735 3841 909 3896 &uendidisse
924 3842 1039 3897 uidam
1107 3843 1249 3912 nequidem
1267 3845 1357 3899 cibum
1371 3846 1410 3911 D,
1429 3847 1517 3901 cibum

378 3938 413 3976 ne
433 3924 464 3989 T,
493 3924 581 3978 cibum
600 3940 648 3978 nee
665 3925 702 3979 M
707 3925 750 3994 ¹0,
774 3925 863 3979 cibum
887 3926 1019 3981 sumimus
1038 3944 1085 3982 neo
1103 3929 1159 3994 Μ’,
1177 3928 1237 3982 cibo
1255 3944 1289 3982 ne
1307 3930 1415 3998 quidem
1432 3949 1449 3985 c

379 4009 460 4079 uesci]
480 4025 539 4062 oum
557 4010 596 4063 eis
614 4009 679 4064 add.
692 4010 731 4064 M
739 4027 761 4065 a.
775 4011 793 4064 l.
805 4015 873 4065 md
1006 4013 1050 4083 ab]
1070 4029 1086 4067 a
1103 4014 1134 4068 D
1256 4014 1290 4068 21
1308 4018 1336 4069 et
1354 4032 1405 4070 om.
1426 4016 1451 4070 Τ

379 4093 424 4147 dei
440 4094 583 4148 Pometiae
736 4095 857 4150 fidelium
875 4096 944 4168 DQ,
967 4098 1055 4152 tilium
1077 4101 1106 4166 T,
1123 4100 1175 4154 filii
1192 4103 1218 4167 o}
1368 4101 1404 4154 22
1422 4101 1515 4171 irater]

378 4179 450 4232 inter
467 4179 596 4235 fratreas
