3720 4920
849 323 1041 392 Epistulae.
1446 334 1510 399 281

378 485 432 542 tati
446 487 476 544 et
491 484 628 544 libertate
644 485 765 544 donatos
780 485 911 544 uolumus
928 513 976 546 aa.
1000 484 1044 542 illi
1059 485 1166 544 seruire
1195 485 1270 545 filios
1285 505 1353 546 snos
1368 489 1512 565 intrepide

377 586 546 644 mortalibus
562 587 683 645 tradunt
697 587 727 645 et
742 602 794 644 nos
810 585 869 645 Deo
884 588 998 644 nostros
1011 585 1097 644 simul
1109 590 1139 644 et
1151 603 1217 645 suos
1228 587 1335 648 liberos
1347 590 1512 651 liberandos

377 687 522 747 dimittere
537 687 679 761 sacrilega
695 690 789 746 mente
806 691 981 757 cunctamur,
997 688 1078 760 quasi
1095 688 1187 746 tutius
1202 691 1277 761 apud
1289 691 1419 751 homines
1435 694 1512 752 iudi-

379 793 458 848 cetur
473 790 566 863 magis
582 807 666 864 quam
682 806 771 862 penes
785 788 877 849 Deum
893 789 1084 849 comdemnari
1100 791 1225 863 aliquem
1241 791 1375 852 filiorum.
1399 795 1513 868 puden·

357 894 445 950 adum
460 893 556 951 nescio
572 892 640 966 quid
656 893 807 952 christiani
822 893 899 966 apud
914 892 1036 964 gentiles
1057 893 1250 965 opprobrium,
1273 894 1377 967 quibus
1402 897 1513 969 peiores

378 995 440 1053 sine
455 994 541 1053 dubio
557 994 721 1053 iudicantur
748 1012 819 1067 quos
845 1011 929 1068 pares
955 994 1060 1053 habere
1082 1012 1139 1052 non
1162 995 1253 1053 dicem
1268 998 1401 1056 meliores
1416 999 1513 1057 fuerat

378 1096 569 1155 criminosum.
589 1096 739 1154 christiani
754 1098 856 1154 nolunt
867 1097 913 1154 uel
928 1096 1119 1168 gratulatione
1135 1113 1201 1155 suos
1223 1099 1360 1156 deducere
1376 1101 1413 1157 ad
1428 1101 1514 1173 bona,

378 1199 501 1270 gentiles
517 1200 630 1258 tradere
646 1216 702 1258 non
716 1201 887 1258 cunctantur
901 1200 938 1257 nd
952 1199 1036 1257 mala.
1053 1203 1194 1271 postremo
1217 1200 1264 1258 uel
1287 1219 1350 1259 eum
1367 1200 1430 1274 ipsa
1445 1202 1514 1260 leli·

379 1299 467 1359 eitate
482 1304 643 1359 nostrorum
659 1300 841 1358 morientium
856 1318 990 1372 coquimur
1004 1301 1129 1359 animum
1145 1301 1274 1367 flectere,
1301 1320 1336 1360 ne
1363 1304 1514 1363 desideriis

345 1424 370 1462 ro
381 1420 477 1461 eorum
493 1403 635 1463 desiderio
650 1408 750 1462 nostra
764 1403 903 1476 incipiant
919 1419 1086 1475 repugnare.
1110 1403 1255 1462 laetantur
1274 1404 1330 1477 ipsi
1345 1405 1394 1477 qui
1409 1409 1515 1465 exeunt

379 1505 527 1564 uenientes
543 1507 580 1565 ed
595 1505 731 1578 requiem.
749 1505 888 1562 laetemur
903 1508 932 1562 et
947 1522 999 1562 nos
1014 1521 1077 1561 cum
1093 1505 1174 1576 ipsia
1198 1505 1301 1563 saltem
1317 1510 1516 1578 computantes

380 1610 539 1666 nostrorum
555 1607 719 1668 exermtium
735 1607 950 1666 beatitudinem.
977 1609 1038 1665 esto
1068 1607 1217 1680 religiosus
1233 1608 1279 1665 uel
1302 1610 1369 1667 uoto
1387 1609 1449 1668 eins
1465 1608 1516 1680 qui

381 1710 483 1780 euasit,
500 1710 525 1766 si
540 1727 596 1768 non
611 1713 693 1783 potes
708 1712 769 1779 tuo,
786 1713 816 1766 et
826 1710 938 1766 exsulta
953 1709 1020 1780 quio
1035 1708 1176 1780 placuisse
1188 1709 1335 1781 cognoscis
1346 1709 1517 1783 participem

382 1810 425 1867 tui
441 1811 592 1883 sanguinis
608 1811 734 1881 Christo,
757 1810 879 1868 inanime
895 1812 969 1882 qnod
985 1809 1031 1867 uel
1047 1810 1081 1867 de
1096 1810 1243 1868 occasione
1266 1811 1371 1868 debeas
1393 1812 1516 1868 mlorare

346 1927 371 1964 rs
382 1911 498 1970 Domini
513 1913 702 1982 uoluntatem,
718 1913 764 1970 cui
782 1929 838 1969 non
853 1916 935 1983 potes
957 1911 1159 1970 contradicere.
1183 1916 1212 1969 et
1235 1929 1299 1969 cum
1325 1913 1365 1970 sit
1385 1913 1518 1970 omnibus

385 2016 544 2074 communis
559 2016 607 2074 hic
622 2032 716 2086 casus,
733 2031 824 2073 uranus
840 2015 919 2073 dolor
934 2016 988 2084 est,
1005 2014 1054 2086 qui
1070 2030 1123 2073 uec
1138 2015 1248 2088 primus
1264 2014 1378 2074 uidetur
1388 2032 1452 2073 esse
1466 2032 1519 2074 nec

385 2117 472 2175 solua.
488 2118 540 2175 sed
566 2117 654 2177 dicis:
678 2117 776 2175 nullus
792 2118 887 2176 mede
912 2134 976 2175 mee
999 2117 1173 2176 desolatione
1196 2117 1301 2174 mentis
1323 2134 1413 2189 angor
1435 2118 1519 2175 enul-

385 2222 482 2287 csrat,
507 2218 559 2276 sed
573 2236 625 2291 pro
641 2217 759 2278 delictis
774 2217 888 2292 paruruli
910 2218 1057 2276 morientis
1072 2216 1260 2276 humanitatis
1276 2218 1395 2277 allectus
1410 2217 1519 2290 impul·

385 2322 441 2376 sat.
469 2336 522 2377 nec
537 2321 592 2379 hoo
605 2319 676 2378 licet
691 2336 868 2378 commouere
884 2321 1009 2377 animum
1025 2319 1223 2389 christianum,
1246 2336 1280 2378 ne
1296 2321 1396 2377 contra
1411 2319 1520 2377 Christi

349 2435 376 2474 ao
386 2419 506 2494 imperia
518 2422 683 2480 reluctetur.
699 2422 769 2494 quid
781 2422 902 2480 interest
913 2422 1145 2494 quandocumque
1164 2423 1193 2478 et
1209 2420 1430 2493 qualescumque
1445 2421 1520 2479 lilios

453 2672 468 2722 1
488 2670 612 2722 uolumus
636 2675 744 2723 seruire.
764 2670 851 2723 Filios
870 2671 909 2722 Ze
1087 2668 1283 2736 intrepidanter
1301 2667 1370 2721 lilios
1389 2684 1451 2721 suos
1468 2669 1487 2721 lo

383 2753 541 2806 2mortalis
559 2771 575 2805 e·
680 2753 728 2806 deo
747 2754 863 2821 nostros]
883 2754 914 2806 <le
933 2755 1023 2806 nostro
1043 2754 1090 2815 Za,
1109 2752 1157 2805 deo
1176 2753 1307 2805 arostrolo
1411 2751 1521 2820 liberos]

384 2840 413 2890 et
430 2841 536 2890 nostros
556 2838 620 2891 edel.
639 2840 698 2892 Zloe
820 2839 837 2891 3
856 2840 911 2890 tuti
930 2839 957 2892 Z
1069 2838 1217 2891 iudicemur
1235 2839 1267 2900 Ζ,
1286 2837 1435 2890 iudicemus
1453 2839 1487 2891 leo

383 2922 557 2976 ldominum
576 2925 618 2977 Zo
709 2923 878 2978 condemnari
897 2926 922 2988 lo,
940 2923 1116 2977 comareudari
1135 2923 1214 2992 Zoro
1312 2923 1517 2991 pudendum...

385 3009 403 3060 l.
420 3013 438 3062 7
456 3008 632 3061 criminosum
651 3026 702 3062 one.
721 3010 739 3061 lo
926 3009 944 3062 5
961 3009 1124 3061 christianus
1142 3012 1185 3062 est
1202 3027 1225 3062 a
1245 3025 1271 3077 g.
1290 3008 1427 3076 opprobrii
1446 3010 1488 3062 Ze

385 3094 511 3160 6parem
530 3094 556 3145 Z
671 3095 807 3147 moliorem
828 3096 853 3146 Z
967 3094 1066 3161 fuerat]
1088 3110 1180 3146 sumus
1199 3097 1294 3161 putare
1314 3094 1346 3155 Z,
1366 3093 1456 3145 luerat
1474 3109 1522 3160 pu-

386 3180 479 3231 tareo
549 3177 683 3231 luolunt
700 3179 727 3231 Z
806 3178 1003 3246 gratulationes
1022 3199 1040 3244 μ
1128 3193 1190 3230 suas
1208 3197 1228 3246 μ
1246 3194 1276 3230 as
1295 3194 1329 3230 cx
1347 3193 1385 3238 os,
1404 3177 1490 3229 suala

385 3264 602 3332 denuctaturp
697 3264 871 3332 {leugonaus}
891 3279 1015 3331 rogantur
1034 3264 1061 3316 Ζ
1149 3264 1284 3316 inflectere
1303 3263 1328 3315 Z
1427 3280 1460 3316 ne
1477 3263 1525 3330 pb,

386 3364 439 3400 non
457 3365 480 3412 r,
500 3351 529 3400 et
547 3349 589 3403 Ze
698 3347 811 3400 desidiis
830 3348 856 3399 Z
965 3349 998 3401 10
1015 3349 1175 3416 repugnare]
1196 3348 1323 3401 reluctari
1342 3350 1360 3401 lo
1471 3349 1526 3401 lae·

386 3434 481 3485 tantur
492 3472 498 3484 .
509 3472 515 3484 .
526 3473 532 3485 .
543 3433 560 3485 l.
581 3436 617 3486 12
635 3431 829 3485 beatitudinem
848 3449 899 3487 ona
918 3435 936 3487 lo
1091 3432 1155 3501 ipsi]
1175 3431 1218 3485 illi
1237 3432 1277 3486 Ζυ
1415 3433 1448 3485 12
1466 3448 1524 3485 ere-

386 3518 505 3586 nntium]
524 3518 696 3571 morientium
716 3517 827 3571 ΜΗ
948 3517 1015 3586 esto]
1034 3516 1058 3568 si
1077 3517 1116 3571 Ze
1237 3519 1300 3569 uoto
1319 3516 1387 3586 eius]
1407 3516 1525 3569 noticias

388 3603 421 3669 Ζ,
438 3604 595 3658 nouitiuse
718 3604 776 3671 qui]
796 3619 864 3670 quae
882 3605 900 3655 lo
1017 3601 1049 3654 13
1066 3588 1100 3653 no
1119 3602 1243 3670 euasitp
1359 3603 1406 3654 tuo
1425 3601 1462 3669 et]
1482 3602 1523 3654 uel

388 3690 438 3753 ao,
457 3689 541 3741 ouon
655 3688 830 3757 participium
850 3688 893 3740 cur
913 3688 963 3748 ee,
981 3688 1023 3739 eur
1041 3673 1214 3754 satrapam
1233 3687 1251 3740 u
1369 3686 1402 3739 14
1420 3685 1466 3738 ua
1482 3684 1524 3753 ae]

389 3775 458 3829 ualle
478 3796 505 3842 μ,
524 3775 604 3828 uelr
707 3774 872 3827 occasionem
891 3790 927 3840 τμ
1021 3774 1054 3824 15
1072 3775 1163 3840 potest
1180 3788 1225 3839 ro,
1243 3770 1323 3824 debes
1341 3771 1368 3823 Z
1466 3786 1524 3823 cum

389 3847 566 3913 sitss'..dolor
583 3862 689 3915 estora.
709 3863 743 3928 μι
813 3859 851 3912 sit
869 3874 919 3913 ooo
938 3875 954 3911 r·
1025 3858 1223 3911 sumomonte
1241 3873 1292 3911 om.
1311 3857 1337 3910 Ζ
1429 3857 1525 3924 uanus]

389 3961 458 3998 unus
476 3946 503 3998 Ζ
614 3946 646 3998 ll
666 3944 699 3998 de
717 3961 769 3998 ern.
790 3945 816 3998 Z
930 3944 1114 3997 consolatione
1134 3944 1159 3996 Ζ
1269 3942 1302 3995 18
1320 3941 1456 3996 derelictis
1473 3943 1492 3994 lo

389 4032 511 4099 paruulis
530 4033 585 4099 rpb
689 4031 722 4084 19
741 4047 790 4085 nec
808 4031 873 4084 licet
891 4030 1088 4084 commouerilo
1191 4029 1234 4098 ne]
1255 4045 1336 4082 necr
1434 4028 1470 4081 20
1487 4045 1528 4081 re-

391 4117 512 4170 luctatur
531 4137 559 4184 μ,
577 4100 696 4170 luctetur
714 4117 756 4171 Ze
885 4118 927 4168 est
944 4116 1016 4168 iuter
1035 4115 1075 4168 Ze
1199 4113 1429 4182 quandocumque]
1448 4128 1528 4180 quos·

391 4217 505 4269 cumque
524 4204 567 4257 Ze
