3720 4920
508 353 550 408 nd
568 352 704 423 Vigihium
721 352 875 422 episcopum
892 350 925 406 de
942 351 1054 406 Iudaica
1071 351 1261 407 incredulitate
1278 368 1301 406 c
1320 352 1398 406 1-2.
1462 356 1521 419 121

383 511 461 571 diam
475 511 591 571 Domini
617 509 763 585 spreuisse
789 509 935 570 doceatur.
958 510 1099 584 prophete
1113 511 1182 569 item
1196 509 1272 569 alius
1295 510 1522 570 beniuolentiam

384 613 437 674 Dei
463 612 658 674 exhortatione
683 611 908 687 praedicationis
934 614 1056 674 efferens
1083 614 1114 673 et
1139 611 1288 672 insinuans
1312 614 1473 688 proclamat
1494 615 1526 673 et

383 716 612 777 suadetdicens:
634 713 876 775 reuertimini
898 715 942 774 ed
963 731 1025 790 ms,
1049 718 1085 775 et
1106 730 1173 788 ego
1195 718 1366 775 reuertar
1387 717 1521 789 adues,

383 819 478 879 dicit
500 817 685 879 Dominus.
708 817 784 877 alius
809 833 878 878 uero
904 818 1058 879 similiter:
1086 817 1311 878 misericordiam
1337 835 1419 878 suam
1443 818 1523 878 Dens
1576 879 1578 883 ,

362 920 587 994 asempiteruam
612 935 730 980 munere
756 922 958 980 demonstrans
985 919 1098 979 addidit
1124 919 1240 980 dicens:
1263 920 1348 981 nolo
1370 923 1524 981 mortem

381 1023 593 1097 morientis,
615 1029 794 1099 quantum
823 1026 865 1084 nt
887 1025 1104 1084 reuertatur
1125 1027 1161 1084 et
1181 1023 1305 1096 uiuat,
1340 1022 1434 1085 uicit
1456 1024 1523 1083 Do·

381 1126 509 1186 minus.

425 1226 501 1298 Quid
515 1230 560 1288 est
575 1243 644 1301 ergo
658 1226 778 1300 reuerti,
800 1244 887 1301 quam
903 1227 933 1287 in
948 1227 1093 1288 Christum
1109 1229 1249 1288 credendo
1264 1246 1316 1303 per
1330 1244 1396 1288 eum
1411 1228 1461 1303 qui
1476 1226 1553 1289 esti

381 1330 430 1391 uia
455 1329 590 1389 ueniendi
605 1330 643 1389 ad
667 1330 780 1403 patrem
795 1329 855 1389 Dee
877 1329 1091 1389 reconciliatum
1117 1346 1202 1404 pesse
1227 1329 1357 1389 saluari?
1380 1331 1522 1405 quomodo

348 1434 478 1494 ueantem
501 1431 610 1492 reuerti
632 1433 670 1491 ad
691 1431 782 1491 Deum
805 1433 927 1506 possunt
949 1430 1000 1505 qui
1022 1430 1049 1491 ei
1071 1448 1123 1506 per
1144 1449 1228 1507 quem
1243 1416 1289 1490 est
1302 1432 1414 1506 uguitio
1430 1435 1460 1492 et
1474 1449 1523 1493 re·

380 1534 474 1594 uersio
494 1533 530 1592 ad
550 1533 643 1593 Deum
664 1532 844 1593 uoluntatem
859 1533 912 1592 Dei
935 1532 1114 1606 praedicenti
1137 1535 1251 1593 eredere
1266 1533 1446 1593 noluerunt?
1470 1537 1523 1594 aut

381 1635 520 1708 quomode
535 1635 626 1695 Deum
641 1634 840 1695 satisfactione
855 1633 970 1708 placare
984 1637 1130 1708 poterunt,
1153 1635 1203 1710 qui
1225 1651 1290 1695 eum
1304 1635 1355 1710 qui
1370 1639 1417 1695 est
1431 1636 1522 1696 eatis·

380 1736 469 1796 {actio
486 1739 516 1795 et
530 1737 656 1811 placatio
670 1753 724 1810 pro
739 1737 822 1797 nohis
837 1737 913 1811 apud
936 1739 1047 1810 patrem
1068 1735 1210 1811 sacrssega
1223 1736 1439 1811 impugnatione
1454 1755 1522 1811 per·

380 1838 463 1914 sequi
490 1837 681 1898 maluerunt?
715 1838 748 1897 si
771 1837 865 1897 enim
898 1839 1115 1898 aduocatum
1138 1837 1325 1898 Christum
1346 1838 1523 1899 habemus

345 1940 470 2013 nespud
494 1940 607 2000 Deum
630 1942 789 2014 patrem,
812 1939 928 1999 initiare
951 1940 1051 2014 utique
1077 1957 1112 2000 ea
1137 1956 1210 2013 quae
1232 1957 1285 2000 nos
1301 1940 1399 1999 decuit
1414 1942 1523 2000 etmo-

382 2044 447 2102 nuit
475 2060 604 2117 quaeque
627 2045 704 2117 apud
719 2045 832 2116 patrem
847 2043 995 2102 locuturus
1010 2048 1056 2101 est
1071 2042 1194 2104 sollicito
1209 2043 1311 2103 timere
1325 2041 1420 2102 iacere
1435 2044 1523 2103 debe·

382 2161 457 2206 mne.
482 2143 578 2220 igitur
590 2160 644 2205 nos
659 2144 709 2219 qui
723 2148 821 2204 mente
834 2143 865 2203 in
880 2144 995 2204 Domini
1019 2147 1127 2204 metum
1142 2161 1232 2219 prena
1246 2145 1445 2206 mendatorum
1461 2146 1523 2206 eins
1631 2141 1634 2147 ’

383 2249 500 2308 monitis
528 2247 692 2307 insistimus
707 2250 738 2307 et
752 2246 882 2321 religiosi
897 2264 931 2307 ec
946 2246 1120 2308 uenerabilis
1143 2249 1237 2307 cerdis
1252 2248 1307 2309 iide
1323 2248 1523 2309 credulitatem

382 2350 418 2408 de
433 2349 495 2409 eius
510 2349 613 2409 timore
628 2349 819 2424 concepimus,
834 2348 903 2423 quid
918 2347 997 2407 aliud
1013 2349 1104 2421 sequi,
1128 2348 1196 2421 quid
1211 2366 1325 2422 cupere,
1340 2349 1410 2423 quid
1426 2349 1522 2425 magis

347 2452 461 2512 nuella
487 2469 521 2511 ac
546 2454 643 2512 tenere
669 2451 816 2523 debemus,
842 2467 929 2525 quam
955 2453 989 2510 ut
1014 2451 1125 2511 emnia
1147 2452 1229 2513 nobis
1254 2451 1360 2512 mentis
1386 2452 1522 2527 antiquae

451 2665 637 2730 suanus.
743 2663 949 2728 osennae.
1055 2663 1266 2732 14110.2‚1.

450 2870 465 2928 1
483 2850 550 2923 ciffi
565 2868 592 2923 Ζ
669 2869 801 2938 propheta
818 2868 885 2923 item
903 2867 984 2937 alius]
1002 2865 1066 2922 iude
1084 2866 1215 2935 propheta
1233 2866 1374 2923 Boionius
1454 2869 1521 2925 hin

379 2953 569 3008 exhortatione
586 2953 613 3008 Z
751 2952 950 3023 praedicatione
969 2953 1001 3016 T,
1024 2951 1180 3021 praedicans
1197 2952 1223 3006 Ζ
1360 2952 1474 3008 oiierens
1493 2957 1522 3008 et

380 3043 419 3106 (et
436 3055 485 3094 em.
504 3058 533 3107 μ,
549 3039 579 3092 in
600 3039 635 3108 T)
653 3039 795 3093 insinuans
817 3038 881 3108 Τιμ,
899 3054 951 3092 oto.
970 3038 996 3092 Ζ
1110 3036 1259 3106 proclamet
1280 3037 1306 3091 Τ
1419 3037 1520 3093 isua-

378 3124 443 3179 ‹ieat
460 3125 500 3189 μ’,
519 3122 664 3178 iususdeat
685 3124 717 3189 Τ,
735 3122 862 3178 insuadet
879 3129 890 3178 t
1017 3121 1127 3192 tuero]
1145 3138 1249 3192 quoque
1267 3123 1313 3192 Ζμ
1442 3139 1521 3179 suam

379 3210 445 3265 dene
467 3209 524 3273 TZ,
542 3209 586 3264 dei
603 3228 632 3278 μ,
651 3209 785 3264 dominii
889 3208 1118 3276 osempiteruum
1139 3207 1166 3263 Τ
1266 3208 1374 3279 8ergo]
1394 3207 1468 3263 aliud
1486 3209 1520 3276 Ζ,

379 3311 443 3364 erge
462 3292 575 3364 alindp
678 3294 807 3364 ¹reuerti]
827 3292 863 3348 ad
879 3292 1018 3347 deminum
1036 3293 1103 3348 add.
1116 3293 1256 3347 Boionius
1274 3308 1344 3347 cnr
1465 3309 1522 3349 cre·

379 3379 486 3435 dentem
505 3379 532 3434 Z
633 3380 782 3449 9apatre
803 3379 839 3435 st
942 3378 1054 3448 saluari]
1073 3377 1188 3433 salutari
1205 3379 1233 3433 Z
1330 3378 1365 3434 10
1381 3361 1486 3447 dffi‘np

379 3465 510 3520 addeum
528 3467 642 3535 pessunt
658 3465 759 3519 reuerti
773 3465 801 3517 Ζ
868 3479 949 3532 qnam
964 3464 990 3517 Τ
1056 3463 1195 3533 agnitione
1210 3465 1259 3519 Τι’
1330 3464 1363 3518 11
1381 3448 1447 3518 dnm
1461 3463 1489 3519 Ζ

378 3550 562 3605 uoluntateZ
687 3549 721 3603 12
738 3549 787 3602 dee
805 3549 833 3602 Ζ
956 3546 1141 3601 satisfactione
1159 3549 1253 3616 aliqua
1269 3549 1297 3603 Ζ
1415 3551 1522 3620 plaeere

379 3635 463 3706 nzpe
584 3635 733 3704 penetus
754 3633 827 3698 nze,
843 3619 936 3704 peuri
952 3654 980 3705 μ,
999 3634 1137 3703 peuense
1155 3633 1259 3704 seen
1382 3635 1416 3690 13
1433 3634 1518 3690 sacru

378 3721 469 3791 legum
487 3719 709 3791 inpugnationem
730 3721 757 3775 T
889 3718 1124 3787 lumniensis
1257 3718 1414 3774 haberemus
1435 3720 1485 3775 ΖΨ

379 3807 414 3861 uc
430 3790 494 3861 offui
512 3808 539 3862 n
604 3805 715 3860 initiare
732 3804 841 3873 cespes,
859 3804 971 3859 ussine.
991 3806 1023 3869 s,
1040 3821 1093 3860 om.
1112 3803 1194 3874 sse,
1211 3819 1355 3858 somnes
1424 3804 1520 3874 euque

379 3908 465 3947 ccmo
551 3909 583 3947 sa
601 3908 636 3946 cx
654 3909 683 3945 re
700 3899 761 3946 eat
849 3889 965 3960 monuit]
984 3890 1062 3945 nouit
1080 3890 1108 3944 Z
1193 3890 1227 3943 16
1245 3891 1373 3971 quaegue]
1393 3904 1445 3957 que
1462 3889 1489 3944 Z

378 3977 538 4048 apudladp
616 3976 723 4031 locutus
736 3976 821 4044 Ζε’μ1
896 3976 929 4029 17
947 3974 1103 4031 neemiaZ
1174 3975 1265 4028 mente
1282 3974 1330 4028 dni
1345 3975 1375 4037 T,
1394 3973 1423 4027 in
1440 3972 1520 4029 deum

378 4065 468 4118 mente
487 4064 512 4116 Z
634 4066 709 4117 metu
729 4068 872 4131 pronote,
891 4076 975 4130 prona
993 4064 1096 4115 metum
1113 4060 1141 4114 Z
1265 4060 1299 4113 18
1316 4059 1394 4113 corde
1412 4060 1441 4113 et
1457 4059 1486 4112 Ζ

378 4146 432 4202 fide
450 4151 478 4202 et
495 4148 528 4213 Ζ,
546 4147 623 4203 iidem
643 4151 671 4203 et
689 4147 829 4202 Betucius
847 4163 915 4200 cer
1047 4146 1082 4201 19
1099 4145 1164 4215 qnid
1182 4145 1279 4216 magis]
1298 4160 1329 4199 ac
1346 4144 1434 4214 magis
1453 4145 1480 4199 Ζ

379 4232 414 4288 20
431 4249 462 4288 ac
480 4249 531 4288 ees.
553 4233 580 4288 Z
683 4234 757 4286 omni
775 4232 801 4303 a]
819 4215 880 4287 ὦ
899 4232 932 4296 Τ,
949 4231 1057 4287 omnino
1075 4238 1120 4286 at
1224 4232 1357 4299 anuqnae
1379 4231 1406 4285 T
