3720 4920
618 409 667 466 ad
688 408 920 465 Nouatianum
943 410 1098 466 alo-17.
1381 414 1425 483 67

283 567 352 627 dum
373 569 404 627 et
423 566 604 628 firmitatest
623 569 779 629 tenendum
801 566 870 643 quia
895 569 1065 643 acceptio
1092 587 1332 644 personarum
1358 587 1424 629 nou

283 672 341 731 est
365 671 463 745 apud
486 669 612 730 Deum:
639 688 703 731 cum
728 671 910 745 praeceperit
923 670 956 731 iu
969 671 1191 732 Deuteronomio
1206 689 1264 731 nou
1280 673 1423 746 accipien-

284 773 350 832 dam
373 789 437 832 osec
460 789 613 846 personam
634 773 665 831 iu
692 771 904 836 iudicionou
934 772 1120 847 accipies,
1146 773 1197 849 ait,
1225 790 1423 847 personam

283 891 349 935 nec
378 875 577 935 secundum
612 875 797 935 minimum
826 892 890 936 nec
919 876 1120 935 secuudum
1151 875 1344 935 maximum
1372 875 1424 934 iu·

263 974 443 1037 odicabie.
479 976 526 1037 his
551 976 659 1037 similia
685 978 717 1037 et
740 994 793 1052 per
817 976 999 1037 Ezechielem
1025 976 1114 1036 dixitt
1149 995 1285 1052 omues,
1319 977 1423 1052 iuquit,

281 1080 423 1139 animae
449 1096 545 1139 meae
573 1083 670 1152 suut,
696 1081 800 1139 sicut
824 1080 945 1139 anima
969 1079 1093 1155 patris
1118 1082 1155 1138 et
1179 1080 1301 1138 anima
1331 1079 1424 1139 lilii.

282 1181 400 1241 anima
429 1197 519 1255 quae
548 1181 766 1255 peccauerit
794 1181 879 1256 ipsa
908 1181 1099 1243 morietur.
1129 1181 1177 1240 bic
1206 1181 1263 1241 erit
1292 1181 1425 1256 igitura

281 1283 365 1342 uobis
379 1284 570 1355 uenerandus,
592 1283 640 1343 hic
655 1284 807 1355 tenendus,
828 1284 877 1344 bic
900 1301 951 1358 per
965 1285 1080 1358 plenam
1102 1286 1132 1343 ot
1154 1283 1272 1358 diguam
1293 1288 1422 1344 nostram

282 1382 490 1444 confessionem
519 1383 739 1459 propitiandus,
771 1384 832 1458 qui
861 1385 977 1445 babet
1006 1386 1235 1459 potestatem
1265 1386 1424 1445 animam

248 1490 322 1546 root
344 1503 478 1561 corpus
498 1486 672 1546 mittendi
692 1485 729 1545 iu
750 1487 954 1560 gebennam
975 1486 1093 1561 iguis,
1114 1487 1191 1546 sicut
1205 1487 1345 1561 scriptum
1361 1491 1422 1548 est:

282 1604 363 1648 ecce
389 1588 495 1646 uenit
521 1604 597 1646 cum
623 1585 753 1647 multis
779 1586 930 1647 milibus
957 1588 1170 1648 nuntiorum
1200 1605 1344 1648 suorum
1371 1589 1423 1648 ia·

182 1739 184 1742 ,
282 1707 363 1750 cere
384 1690 561 1749 iudicium
585 1690 625 1749 de
648 1689 817 1749 omuibus
840 1694 876 1749 et
902 1693 1058 1764 perdere
1085 1706 1207 1750 omues
1233 1691 1366 1765 impios
1388 1693 1424 1749 et

191 1853 194 1859 ,
281 1808 441 1866 arguere
471 1808 606 1852 omnem
635 1808 782 1852 caruem
813 1793 854 1852 do
884 1794 1052 1854 omnibus
1081 1792 1199 1852 factis
1229 1792 1423 1866 impiorum

282 1910 372 1967 quac
393 1894 569 1953 feceruut
590 1894 699 1966 impio
721 1897 757 1954 et
776 1896 817 1954 de
841 1895 1013 1955 omnibus
1033 1894 1161 1955 uerbis
1181 1894 1311 1967 impiis
1332 1910 1423 1968 quae

248 1996 326 2056 rade
351 1996 430 2055 Deo
451 1996 568 2055 locuti
594 1999 681 2056 sunt
705 1999 931 2070 peccatores.

326 2098 382 2157 His
405 2098 514 2156 similia
534 2100 564 2158 et
586 2098 701 2171 Daniel,
728 2097 817 2169 uidi,
845 2098 951 2171 iuquit,
977 2099 1156 2159 thronum
1181 2097 1359 2172 positum,
1386 2093 1473 2156 etl'l

282 2203 457 2260 uetustus
483 2199 623 2261 diorum
648 2201 804 2261 sedebat
830 2217 942 2274 supor
962 2217 1057 2272 oum,
1084 2203 1122 2261 et
1147 2200 1314 2260 uestitus
1339 2197 1423 2258 eius

282 2305 365 2360 crat
393 2304 578 2374 tamquam
607 2302 669 2359 nix
699 2303 734 2359 et
765 2300 901 2374 capilli
930 2301 1073 2374 capitis
1102 2302 1211 2361 illiue
1241 2305 1423 2374 tamquam

283 2400 367 2459 lana
392 2401 494 2461 alba:
522 2402 687 2461 thronus
712 2400 825 2461 illius
852 2401 1001 2462 flamma
1026 2402 1144 2477 ignis,
1173 2405 1280 2462 rotae
1310 2400 1423 2461 illius

247 2501 383 2576 seiguie
409 2504 551 2563 ardone.
589 2504 729 2563 flumen
756 2504 858 2578 ignis
885 2503 1072 2576 prodibat
1095 2505 1180 2562 aute
1201 2519 1289 2575 eum,
1314 2501 1424 2561 milia

283 2604 422 2664 milium
448 2605 669 2663 seruiebaut
689 2606 773 2665 ciet
794 2603 937 2664 milium
961 2603 1067 2663 milia
1087 2604 1328 2663 adsistebant
1347 2603 1421 2679 illi,

282 2706 328 2765 ad
356 2705 534 2765 iudicium
565 2707 663 2765 sedit
692 2710 727 2766 et
752 2706 846 2765 libri
873 2705 1003 2780 aperti
1029 2707 1123 2764 suut.
1154 2706 1297 2764 Iohannes
1326 2707 1422 2765 autem

283 2808 465 2868 manifestius
486 2811 516 2868 et
536 2810 571 2869 de
591 2809 637 2868 die
659 2808 759 2868 iudicii
779 2812 809 2868 et
831 2809 866 2866 dc
888 2807 1133 2867 consummatione
1161 2807 1268 2867 saeculi
1294 2807 1423 2868 declarat

282 2910 394 2970 dicens:
417 2912 454 2969 et
477 2926 553 2968 cum
578 2910 805 2985 aperuisset,
833 2909 938 2981 inquit,
966 2907 1135 2983 sigillum
1160 2910 1311 2981 sextum,
1338 2924 1421 2970 ecce

246 3015 405 3072 acerrae
427 3014 547 3070 motus
568 3012 690 3071 iactus
711 3014 768 3070 ost
788 3027 942 3084 maguus
963 3009 1070 3071 eteol
1093 3011 1220 3070 iactus
1240 3009 1419 3083 ostriger

281 3116 321 3173 ut
346 3131 475 3173 saccus
499 3113 693 3186 cilicinus,
720 3115 756 3172 ct
782 3114 873 3172 luna
896 3115 978 3172 tota
997 3112 1205 3187 sanguinea
1225 3110 1326 3171 iacta
1352 3112 1422 3182 ost,

281 3218 317 3276 et
339 3216 477 3275 stellae
496 3215 718 3275 cecideruut
739 3215 777 3273 iu
799 3217 945 3286 terram,
969 3214 1144 3287 quomodo
1165 3213 1264 3272 licus
1279 3230 1298 3271 a
1313 3215 1421 3272 uento

351 3465 366 3517 1
384 3464 461 3516 Rom
480 3464 506 3528 2,
524 3465 567 3518 11.
707 3464 726 3521 3
747 3464 828 3517 Dent
848 3464 874 3528 1,
895 3462 927 3516 l'l
947 3464 976 3517 et
994 3463 1035 3527 16,
1055 3463 1096 3516 19.
1235 3463 1315 3518 bssa.
1335 3463 1376 3526 18
1395 3464 1421 3516 4.

279 3551 298 3604 9
315 3549 417 3603 biattb.
437 3549 478 3613 10,
497 3549 541 3604 28.
718 3549 750 3602 11
768 3547 853 3602 Iudae
872 3548 913 3610 14,
933 3548 975 3601 15.
1152 3549 1186 3602 16
1203 3547 1273 3603 Dan.
1290 3548 1315 3613 l,
1334 3549 1359 3601 9.
1379 3545 1420 3601 10.

280 3634 316 3690 24
332 3637 414 3705 apoc
433 3635 458 3698 e,
479 3635 591 3690 12-1‘1.

351 3857 620 3912 lesth.l.m.2
734 3855 938 3925 acceptatioK
1051 3854 1247 3910 deasceato
1349 3855 1421 3908 4m.

280 3942 339 4011 nec]
357 3942 501 3995 minimum
519 3946 548 3994 et
566 3941 598 3995 K
727 3941 884 3995 deltarum
901 3939 948 3995 bic
965 3940 999 3995 K
1006 3956 1027 3995 a.
1040 3940 1058 3994 l.
1071 3943 1140 3994 md
1272 3940 1307 3993 14
1324 3937 1419 4008 impie]

281 4028 347 4082 cdd„
367 4028 411 4082 K:
431 4033 459 4081 et
476 4027 623 4082 derelocuti
641 4029 705 4081 eunt
779 4027 879 4097 uerbis]
899 4043 963 4081 uero
982 4026 1016 4081 K
1089 4027 1125 4084 18
1141 4026 1218 4080 illiue
1237 4025 1274 4089 K,
1293 4025 1386 4080 eiuso

282 4113 318 4166 80
340 4113 451 4182 flumen]
475 4113 584 4167 flamma
610 4113 735 4167 Grauius
756 4118 782 4166 et
806 4112 958 4166 Manutius
1189 4110 1333 4181 prodiebat
1356 4110 1389 4164 K

280 4199 315 4252 21
334 4202 363 4252 et
380 4199 470 4252 millia
486 4198 604 4253 millium
621 4217 639 4255 o
759 4197 802 4251 illi
821 4197 859 4263 K,
878 4198 937 4252 oio
1058 4196 1093 4251 23
1111 4197 1230 4252 weram
1248 4197 1281 4251 de
1299 4212 1350 4253 oen.
1368 4211 1385 4249 o

280 4284 316 4338 25
333 4283 423 4338 iactus
440 4287 482 4337 cst
500 4284 541 4338 sol
558 4284 669 4354 uigere
773 4284 808 4338 26
826 4284 900 4337 iacta
918 4284 960 4336 eat
977 4286 1026 4338 etc.
1044 4281 1146 4337 desum
1162 4283 1194 4337 a'n
1210 4282 1244 4336 K

1161 4368 1213 4433 5*
