3720 4920
679 401 724 454 Ite
743 401 873 455 Pascha
891 405 1067 472 consputus
1085 421 1106 456 e.
1125 403 1220 457 rin-lo.
1452 406 1514 471 257

383 561 531 619 credentes
547 562 671 619 solertem
687 560 822 635 consequi
836 577 888 633 per
904 562 1010 634 lignum
1028 561 1057 620 id
1073 563 1119 621 est
1134 578 1185 634 per
1200 563 1294 621 crucis
1310 562 1434 635 signum.
1452 564 1514 634 ipse

367 666 426 720 'est
451 662 609 732 Abraham,
636 662 684 721 oui
711 662 784 721 dixit
811 663 904 721 Deus:
935 665 969 720 in
1000 664 1139 723 semine
1162 668 1224 723 tuo
1248 665 1516 724 benedicentur

380 782 504 824 ornnes
526 765 701 825 nationes
724 769 857 824 terrae.
894 767 1028 839 ruuurquid
1050 785 1118 840 ergo
1141 768 1246 841 aliquis
1263 768 1292 825 in
1308 769 1391 826 Isaac
1406 766 1515 826 iniseri-

388 867 514 926 cordiam
530 867 735 941 consequitur?
762 885 836 940 non,
861 871 910 926 sect
933 869 1123 928 omnishomo
1147 871 1267 928 eredens
1282 869 1341 928 Deo
1357 870 1385 927 iu
1402 868 1516 927 Christo

360 989 372 1026 s
386 969 580 1029 benedicetur.
597 974 627 1029 et
642 971 705 1029 ideo
723 971 870 1030 Abraham
891 972 940 1044 qni
952 989 970 1029 a
984 973 1043 1030 Deo
1059 971 1180 1030 DomIno
1196 972 1292 1030 datus
1306 974 1352 1030 est
1366 973 1515 1045 propheta,

381 1089 445 1130 curu
478 1073 633 1132 manifeste
660 1075 747 1133 sciret
773 1073 803 1131 iu
827 1078 1003 1133 seerarnento
1019 1073 1128 1132 Christi
1156 1074 1320 1134 centenario
1343 1075 1399 1132 sibi
1416 1077 1516 1132 natum

382 1173 493 1243 filium,
522 1175 572 1246 qui
588 1177 654 1247 post
681 1175 756 1232 diem
771 1175 888 1233 tertium
904 1179 1022 1234 mortem
1049 1175 1200 1234 euacuauit
1226 1179 1256 1234 et
1270 1176 1352 1234 illum
1369 1176 1471 1235 sortem
1487 1179 1517 1233 ot

379 1275 528 1334 inimicum
566 1278 696 1335 nostrum
734 1277 844 1336 uinxit:
883 1279 1077 1337 denumerauit
1113 1278 1263 1338 uniuersos
1299 1295 1402 1337 uernas
1438 1295 1514 1349 suos,

382 1381 412 1436 et
426 1381 542 1452 propter
555 1379 748 1438 centenariam
761 1378 941 1438 natiuitatern
952 1380 1112 1453 triplieauit
1124 1381 1144 1438 C
1157 1384 1186 1438 et
1198 1381 1268 1440 fecit
1279 1381 1393 1454 signum
1409 1401 1436 1451 τ,
1449 1379 1514 1454 qui-

346 1496 373 1534 ro
383 1481 436 1538 bus
447 1484 476 1538 et
488 1479 593 1538 adiecit
608 1480 707 1537 XVIII
719 1481 738 1539 i.
751 1497 777 1537 e.
790 1499 823 1556 ιη
836 1480 989 1539 innomine
1004 1478 1083 1552 Iesu,
1100 1486 1129 1540 et
1144 1483 1327 1541 sinuessanus
1342 1481 1516 1555 expugnauit

381 1584 411 1640 et
426 1581 516 1640 filiurn
534 1581 636 1640 fratris
653 1583 698 1639 sui
714 1583 789 1641 Loth
801 1583 835 1642 de
846 1583 1014 1657 captiuitate
1027 1601 1124 1642 eorum
1136 1583 1282 1642 liberauit.
1299 1587 1329 1642 et
1340 1583 1441 1643 merito
1453 1585 1516 1656 ipse

380 1684 520 1743 Dominus
544 1688 573 1743 ot
596 1686 735 1758 magister
761 1690 858 1744 noster
884 1687 997 1744 dicebat
1023 1686 1155 1745 Iudaeis:
1187 1687 1220 1744 si
1242 1685 1322 1744 filii
1348 1687 1517 1745 Abrahae

380 1787 487 1857 estio,
519 1787 622 1845 facta
644 1789 767 1859 patris
792 1789 907 1846 uestri
938 1789 1063 1847 facito.
1091 1794 1121 1846 at
1148 1789 1194 1845 illi
1221 1789 1317 1860 itaque
1343 1788 1392 1862 qui
1414 1788 1517 1846 haece

382 1887 497 1947 Christo
513 1889 669 1949 erudierunt
687 1908 743 1949 non
761 1890 895 1949 Abrahae
910 1891 959 1949 seo
975 1890 1080 1949 diaboli
1095 1891 1173 1950 fecte
1189 1891 1288 1963 iniqua
1311 1890 1405 1949 iacere
1421 1888 1515 1962 elege-

345 1994 458 2052 rsrunt.
486 2009 521 2049 ao
546 1995 698 2063 propteroa
724 1996 827 2064 gentes
850 1992 926 2051 faeta
952 1994 1043 2065 patris
1066 1993 1110 2050 sui
1128 1993 1261 2050 Abrahae
1290 1991 1427 2050 fauentes
1452 2008 1515 2049 curn

383 2093 466 2165 signo
483 2095 577 2151 erucis
599 2096 628 2151 et
644 2093 757 2151 nemine
773 2094 838 2152 Iesu
855 2093 1028 2167 quotidianis
1044 2094 1145 2152 diebus
1161 2095 1298 2152 aduersus
1314 2091 1431 2166 angelos
1446 2110 1515 2164 apo·

381 2196 501 2252 staticus
526 2198 724 2267 expugnantes
747 2212 876 2254 sermone
892 2196 944 2253 Dei
967 2197 1071 2254 armati
1086 2198 1120 2254 de
1146 2195 1315 2268 captiuitute
1342 2196 1462 2252 Satanae
1477 2193 1514 2249 li-

381 2296 485 2354 berant
500 2297 640 2355 homines.
657 2298 720 2370 ipse
737 2302 782 2356 est
796 2298 943 2356 Abraham
959 2298 1007 2371 qui
1023 2298 1124 2356 LXXV
1139 2314 1277 2356 annorum
1294 2295 1416 2356 credidit
1431 2312 1514 2353 uoca-

383 2399 443 2467 tus,
459 2404 490 2455 et
505 2400 638 2469 quamius
655 2400 761 2458 multos
776 2401 806 2458 id
821 2403 866 2458 est
882 2403 1025 2473 tamquam
1041 2399 1142 2458 stellas
1165 2399 1237 2458 caeli
1261 2399 1336 2456 filios
1358 2399 1463 2456 habere
1479 2397 1515 2454 ab

346 2523 372 2563 ro
383 2499 444 2574 ipso
460 2502 519 2559 Deo
535 2501 574 2558 eit
587 2502 761 2574 praedIctus,
778 2507 872 2560 tamen
888 2519 938 2575 per
950 2503 1063 2560 unicum
1074 2501 1164 2560 filiuni
1178 2501 1250 2570 eiua,
1266 2499 1348 2559 euius
1363 2496 1514 2571 imaginem

384 2603 519 2674 portabat
540 2603 589 2661 illo
605 2621 698 2676 agnus
721 2604 921 2662 immaculatus
943 2605 972 2661 iu
988 2605 1118 2678 Aegypto
1140 2603 1268 2672 occisus,
1295 2602 1401 2673 etipse
1417 2603 1515 2672 proto-

448 2863 465 2913 ‘2
487 2870 554 2914 teu.
576 2863 619 2924 22,
639 2863 679 2915 lu.
786 2866 819 2915 12
839 2864 873 2915 lo.
893 2868 918 2925 8,
935 2866 977 2918 39.

456 3094 467 3144 1
488 3093 576 3145 crucis
595 3096 613 3156 †
632 3093 659 3145 in
679 3095 788 3161 signum
807 3094 823 3144 b
902 3097 919 3144 a
936 3095 1037 3162 enarres]
1055 3095 1082 3146 in
1102 3097 1129 3146 te
1147 3110 1239 3147 omnes
1257 3094 1272 3147 b
1365 3092 1450 3159 aliqui
1469 3092 1484 3143 b

379 3178 537 3233 4ornnesc
609 3179 861 3231 bbeneelicenture
931 3180 976 3245 qui
993 3181 1099 3246 scripsi,
1119 3181 1242 3245 quiubev
1311 3178 1404 3243 adeo]
1422 3177 1483 3230 deb

379 3263 592 3316 bruenifestae
685 3266 750 3316 nato
768 3264 858 3315 filiob
951 3264 1083 3316 'liorteru
1102 3265 1138 3332 et]
1158 3265 1288 3317 fortemc
1386 3261 1517 3314 beieinde

380 3350 535 3401 numer-unit
553 3365 585 3403 eo
679 3366 773 3402 uernae
792 3350 815 3411 b,
835 3349 990 3402 uernaculos
1008 3365 1038 3402 oo
1128 3350 1144 3400 9
1163 3352 1190 3402 et
1208 3352 1231 3413 b,
1250 3366 1300 3401 om.
1319 3366 1340 3411 e,
1361 3347 1515 3402 CCCXVIII

380 3432 411 3485 id
430 3437 472 3485 est
494 3434 533 3486 W
625 3435 776 3502 propterte,
795 3450 844 3487 ear.
864 3451 885 3496 e,
904 3451 949 3501 pra»
973 3434 1011 3487 W
1111 3435 1263 3487 centenario
1280 3434 1451 3502 generatione
1470 3448 1484 3483 e

379 3518 741 3580 CW,eentu1ub‚om.c
854 3521 911 3582 rb,
930 3520 1055 3582 erneiso,
1074 3521 1193 3574 corneis
1214 3520 1253 3574 W
1374 3520 1407 3572 10
1425 3519 1453 3571 et
1471 3517 1517 3570 ad·

378 3603 444 3656 iecit
457 3605 481 3666 b,
499 3604 624 3656 adiunxit
636 3620 668 3656 ce
737 3603 829 3656 XVIII
842 3605 860 3656 i.
876 3620 897 3657 e.
912 3625 941 3672 ιη
954 3606 1100 3673 inscripsi,
1119 3604 1211 3658 XVIII
1225 3605 1253 3658 in
1265 3606 1288 3668 b,
1302 3621 1352 3658 ern.
1366 3625 1388 3667 e,
1402 3624 1431 3671 ιη
1449 3602 1485 3655 W

379 3705 476 3742 nomen
500 3691 552 3756 W;
572 3690 606 3754 es.
624 3707 653 3755 p.
671 3693 735 3753 267,
753 3695 785 3757 4,·
804 3695 865 3756 268,
884 3696 918 3747 10
1011 3693 1077 3760 iesu]
1097 3692 1215 3745 hominis
1233 3693 1248 3744 b
1355 3693 1384 3743 ll
1404 3689 1517 3758 captiui-

377 3777 435 3829 tate
454 3776 554 3844 eorum]
574 3776 740 3828 seruitutee
845 3777 962 3830 laesus
980 3778 1004 3840 b,
1022 3780 1117 3831 essetis
1135 3793 1166 3831 cv
1271 3776 1356 3845 patris
1375 3775 1458 3828 uestri
1476 3774 1517 3825 ia·

377 3861 432 3914 cIte
450 3864 474 3924 b,
494 3863 611 3915 abrahae
630 3861 755 3914 feceretis
773 3878 804 3915 co
897 3864 1015 3930 atlete
1108 3865 1142 3916 14
1161 3862 1324 3914 abrahamo
1416 3859 1517 3912 diaboli

377 3946 428 3999 tilii
446 3949 512 4012 fort.
630 3949 663 4000 15
681 3949 721 4016 ac]
741 3949 839 4001 hoece
952 3949 1024 4001 iacta
1042 3950 1065 4011 b,
1086 3948 1152 4000 iacti
1171 3948 1236 4000 estis
1254 3962 1277 4009 e,
1296 3946 1363 3999 sacti
1382 3944 1448 3997 estis
1466 3944 1517 3996 filii

378 4030 495 4086 abrahae
512 4033 586 4087 facta
607 4035 645 4089 W
785 4050 849 4088 suae
866 4054 881 4086 a
1026 4034 1057 4087 16
1076 4034 1182 4102 signum
1203 4034 1247 4096 bc;
1266 4031 1428 4100 6111264,
1448 4034 1483 4082 16

377 4137 405 4174 n.
423 4121 490 4190 iesu]
510 4137 605 4175 nomen
623 4122 742 4175 bominis
760 4124 790 4181 b;
808 4137 928 4174 sermone
946 4120 989 4173 dei
1007 4122 1106 4174 armati
1125 4123 1169 4175 bie
1186 4121 1284 4173 emerit
1303 4134 1318 4169 e
1425 4115 1516 4168 aduer-

377 4208 456 4259 sosb
545 4211 684 4276 apostatas
702 4209 853 4276 pugnantes
870 4222 901 4260 oe
989 4207 1021 4259 17
1040 4207 1081 4275 de]
1101 4206 1147 4274 qui
1167 4206 1199 4259 de
1218 4221 1249 4259 eu
1336 4203 1434 4257 liberat
1452 4217 1482 4254 eo

379 4291 412 4345 19
430 4292 458 4346 in
478 4293 607 4347 rnnltosb
679 4293 788 4361 babere]
806 4291 922 4346 abrabae
935 4316 948 4346 c
1018 4293 1054 4347 20
1071 4291 1120 4360 sit]
1139 4290 1210 4345 dcte
1279 4288 1381 4357 urum]
1399 4290 1482 4342 tarne

479 4399 520 4444 111
537 4400 559 4444 a
1271 4383 1309 4439 17
