3720 4920
598 353 642 406 De
659 352 790 420 duplici
812 351 976 418 martyrio
995 366 1017 402 o.
1034 348 1146 402 21-24.
1373 349 1439 412 235

303 516 403 588 quitur
419 516 454 572 de
470 529 537 571 uere
552 512 649 582 iustis,
671 511 722 569 sed
738 512 773 568 de
790 510 903 567 iustitia
919 507 1095 576 Pharisaioa,
1117 507 1352 579 quemadmodum
1366 504 1438 563 alibi

302 616 390 676 dieii:
414 633 483 674 non
505 619 562 674 eet
584 631 674 688 opus
697 613 799 672 sanis
822 614 970 682 medico,
1000 611 1065 670 sed
1088 610 1179 668 rnale
1202 608 1439 667 habentibus.

301 723 333 778 at
347 736 404 777 non
418 723 501 777 erant
515 718 576 776 sani
593 716 697 788 quibus
713 717 767 774 hoe
783 716 898 774 dicebat
916 715 1062 784 Dominae,
1085 714 1135 771 sad
1149 711 1223 784 legis
1239 710 1438 784 qualicumque

302 818 501 880 obseruatione
517 818 617 878 tumidi
634 818 689 877 sibi
707 817 878 876 uidebantur
893 816 957 874 sani
972 817 1002 874 et
1016 815 1079 874 ideo
1095 830 1150 872 non
1162 812 1364 872 desiderabant
1379 829 1439 871 me·

283 923 409 982 sdioum.

345 1023 426 1082 Haeo
441 1041 505 1082 eum
531 1023 567 1081 ad
594 1022 812 1080 huno'habeant
838 1022 968 1092 modum,
1000 1019 1158 1078 desiderate
1174 1018 1283 1088 frater,
1306 1017 1490 1077 conemur23

302 1126 430 1185 assiduis
446 1125 693 1185 exhortationibus
707 1124 834 1184 excitare
849 1123 977 1182 fidelium
993 1123 1119 1193 animos,
1143 1124 1176 1179 ut
1199 1123 1261 1182 tota
1275 1123 1362 1180 etiarn
1379 1119 1441 1178 uita

302 1227 472 1300 martyrium
488 1228 541 1285 hoo
556 1230 601 1285 eet
615 1225 813 1286 testimonium
825 1226 928 1283 reddat
943 1225 1019 1284 Deo:
1046 1226 1121 1297 quod
1143 1225 1214 1283 adeo
1236 1223 1438 1297 negligendum

304 1346 361 1388 non
377 1332 432 1398 est,
448 1331 481 1386 ut
495 1328 552 1386 nisi
568 1346 602 1387 ea
617 1329 822 1402 praecesserit,
841 1329 1012 1401 martyrium
1028 1328 1105 1400 quod
1116 1325 1256 1399 sanguine
1272 1325 1440 1398 perhibetur

268 1454 294 1492 ro
303 1448 361 1490 non
376 1431 416 1489 sit
431 1432 608 1506 martyrium.
636 1430 746 1490 frustra
772 1430 847 1489 enim
874 1430 1013 1490 ceruieem
1027 1428 1195 1503 praebueris
1221 1426 1357 1496 earnifici,
1384 1425 1440 1484 nisi

301 1534 382 1605 prius
398 1533 537 1592 occideris
557 1534 683 1592 membra
703 1536 860 1605 quaesunt
880 1548 967 1606 snper
988 1535 1105 1602 terram,
1126 1532 1180 1589 lroe
1196 1533 1241 1588 eet
1256 1531 1375 1588 allectus
1390 1527 1440 1600 qui

301 1634 430 1693 militant
442 1636 580 1693 aduersus
596 1635 744 1708 spiritum,
762 1635 857 1693 odium
873 1634 1012 1692 inuidiam
1028 1633 1180 1692 auaritiam
1194 1630 1358 1691 libidinem:
1375 1631 1441 1703 qni·

302 1738 355 1796 bue
371 1739 542 1810 quicumque
558 1737 648 1795 seruit
664 1738 756 1796 Deum
778 1738 985 1810 quodammodo
1007 1735 1165 1810 abnegauit
1185 1738 1215 1792 et
1231 1733 1375 1791 Christum
1392 1749 1440 1790 ore

301 1839 438 1912 profitens
453 1840 516 1897 uita
530 1843 661 1898 satanam
676 1840 767 1898 Deum
783 1839 944 1898 confitetur.
972 1854 1024 1896 nee
1039 1838 1087 1896 hio
1102 1854 1194 1896 sermo
1210 1838 1295 1895 debet
1306 1834 1440 1906 cuiquam

267 1961 292 2000 rs
302 1941 396 2000 uideri
411 1942 526 2011 durior,
551 1958 614 1998 curn
631 1941 671 1998 sit
687 1959 773 1999 uerax
790 1957 823 1999 oo
837 1940 992 1999 salutaris:
1016 1939 1154 2013 quidquid
1169 1940 1252 1996 homo
1268 1938 1364 2012 quinis
1380 1937 1440 1995 Deo

303 2045 463 2116 anteponit,
494 2043 549 2102 eibi
566 2044 654 2102 Deum
673 2042 752 2114 lacit,
782 2061 834 2102 neo
849 2059 1001 2115 possumne
1027 2042 1138 2100 duobus
1164 2039 1272 2099 seruire
1297 2038 1436 2098 dominis:

302 2163 376 2203 unus
392 2145 467 2203 enim
484 2148 530 2203 est
544 2145 621 2204 Deus
638 2162 672 2203 ex
688 2148 748 2203 loto
764 2146 848 2202 eorde
864 2161 898 2201 ex
914 2147 977 2202 tota
991 2144 1086 2201 anima
1108 2160 1142 2201 ex
1157 2143 1227 2199 totis
1243 2141 1354 2199 uiribus
1370 2140 1438 2197 dili·

302 2248 423 2319 gendos.

347 2347 484 2420 Quisquis
499 2348 590 2421 igitur
604 2364 652 2406 ore
668 2347 758 2405 dicit:
775 2349 858 2407 oredo
875 2349 904 2405 in
921 2365 1008 2405 unum
1024 2348 1124 2417 Deum,
1148 2349 1178 2404 et
1192 2346 1283 2403 seruit
1298 2343 1438 2402 auaritiae
1451 2349 1490 2408 24

266 2452 354 2510 aeaut
368 2449 483 2507 libidini
499 2454 549 2506 aut
564 2448 653 2519 luxui,
681 2449 736 2507 sibi
764 2449 903 2508 mentitur
929 2450 1041 2522 sibique
1056 2451 1208 2522 repugnat,
1235 2446 1313 2505 aliud
1340 2446 1440 2519 lingua

302 2568 418 2621 sonans,
436 2551 515 2609 aliud
530 2553 624 2609 animo
641 2552 747 2622 celans,
765 2569 833 2610 rrrrce
849 2554 963 2610 tantum
985 2551 1178 2609 testimonium
1200 2550 1353 2623 perhibens
1369 2549 1438 2616 Deo,

300 2671 365 2711 aum
382 2653 443 2711 uita
459 2656 589 2711 satanam
606 2654 691 2713 eolat.
719 2654 865 2712 efficacius
892 2656 989 2712 autem
1004 2657 1050 2711 est
1064 2653 1141 2710 uitae
1158 2668 1243 2725 quam
1266 2651 1382 2723 linguae
1399 2654 1439 2708 te-

300 2754 478 2814 stimonium.
511 2772 579 2813 non
612 2756 728 2813 omnis
763 2755 825 2827 qui
854 2754 965 2813 dicit:
1000 2754 1166 2825 Domine,
1195 2754 1358 2823 Domine,
1388 2751 1439 2810 in·

300 2857 422 2914 trabit
455 2858 490 2914 in
526 2873 689 2930 regnum,
729 2860 791 2915 sed
827 2859 887 2929 qui
923 2856 1017 2916 lacit
1052 2858 1285 2917 uoluntatem
1317 2855 1440 2927 patris
1530 2831 1535 2843 ⁵

266 2958 492 3018 asoaolestis.
516 2959 626 3019 habent
647 2964 676 3018 et
698 2976 877 3033 opentsnam
892 2959 1033 3033 linguam,
1058 2960 1165 3020 habent
1180 2976 1261 3018 suam
1276 2957 1441 3016 facundiam

300 3060 387 3118 etiam
403 3065 518 3119 tacente
533 3061 642 3134 lingna.
667 3063 729 3120 ideo
752 3063 891 3120 Dominus
914 3064 944 3121 in
967 3063 1116 3136 euangelio
1139 3063 1273 3121 Ioannem
1290 3062 1331 3119 ita
1347 3061 1440 3133 loqui·

299 3164 363 3218 tur:
395 3179 506 3234 opera
528 3180 618 3236 quae
641 3163 747 3222 dedit
769 3164 857 3222 nrilri
882 3166 985 3238 pater
1009 3167 1047 3222 ut
1070 3163 1335 3236 periieiamea,
1359 3163 1441 3235 ipsa

299 3280 410 3336 opera
443 3283 534 3337 quae
568 3283 632 3338 ego
666 3267 765 3326 facio
800 3267 1058 3326 testimoninm
1091 3267 1293 3340 perhibent
1315 3268 1356 3324 de
1379 3283 1440 3324 me.

299 3367 536 3437 quemadmodum
552 3366 643 3439 igitur
659 3370 733 3427 bona
747 3387 833 3442 epora
848 3370 1022 3442 profitentur
1030 3370 1136 3442 Deum,
1153 3371 1195 3427 ita
1210 3368 1286 3427 mala
1301 3369 1440 3441 quodam·

267 3467 384 3526 eomodo
407 3465 572 3540 loquuntur:
603 3474 751 3529 nonest
776 3472 888 3542 llens,
923 3490 987 3532 neo
1021 3472 1186 3532 seientia
1219 3471 1254 3529 in
1282 3472 1438 3530 excelso.

300 3569 365 3641 quis
395 3587 451 3628 non
482 3571 698 3644 contremiscat,
733 3574 799 3646 quis
829 3591 885 3631 non
916 3575 1109 3645 inhorrescat,
1144 3574 1209 3647 quis
1246 3592 1302 3632 non
1331 3575 1440 3633 laceret

300 3670 475 3729 uestimenta
505 3689 573 3743 sna,
611 3673 677 3747 quis
706 3692 764 3733 non
801 3678 915 3735 obturet
946 3694 1029 3735 aures
1061 3694 1143 3748 suas,
1185 3676 1210 3734 si
1251 3678 1325 3735 tales
1355 3692 1439 3734 uooes

298 3772 399 3830 audiat
428 3790 461 3831 ex
499 3774 682 3834 Christiano?
724 3782 849 3849 quantus
883 3779 998 3848 horror,
1041 3784 1165 3852 quantus
1203 3779 1282 3838 dolor
1323 3780 1442 3850 occupat
1528 3805 1530 3809 ¹

299 3874 410 3932 animos
451 3881 580 3948 nostros,
627 3896 690 3936 oum
732 3881 797 3953 quis
813 3947 820 3964 ⁴
835 3881 931 3939 uictus
972 3882 1122 3941 tormentis
1165 3883 1260 3942 iussus
1298 3883 1441 3954 abnegare

264 3975 446 4034 osdhrietum
473 3979 597 4052 abnegat
619 3984 649 4039 et
670 3981 706 4039 ad
733 3982 812 4041 louis
840 3985 965 4041 statuam
992 3987 1040 4042 tus
1066 3985 1181 4044 adolet?
1205 4002 1289 4059 quarn
1312 3983 1439 4057 trepida·

368 4155 503 4209 abiatra.
523 4157 547 4222 9,
570 4157 609 4212 12.
795 4159 829 4212 23
848 4161 947 4214 Mattlr.
968 4163 991 4223 7,
1010 4162 1052 4214 21.
1243 4165 1276 4220 27
1296 4167 1333 4219 lo.
1353 4167 1378 4231 5,
1395 4163 1438 4216 36.

298 4240 334 4294 30
352 4242 385 4294 el.
407 4240 448 4292 Ps.
470 4242 511 4306 13,
532 4245 560 4301 12
580 4245 620 4305 lt,
641 4246 681 4298 il.
