3720 4920
445 383 506 449 173
915 376 1096 447 Appendix.

442 537 592 598 infirmitas
605 537 736 608 delicata,
751 553 825 610 quae
836 553 899 595 cum
910 536 949 594 sit
956 534 1022 594 nilis
1037 535 1192 602 cimicem,
1208 534 1243 593 de
1256 533 1367 607 magnis
1382 532 1472 592 officit
1487 550 1572 606 prae·

443 643 529 700 dam?
549 641 624 714 quod
638 640 769 699 Salomon
785 638 911 712 loquitur
926 638 1040 697 dicens:
1063 636 1218 711 pretinm
1234 635 1444 696 meretricis
1460 653 1574 711 qnan-

442 746 516 802 tum
544 745 600 803 est
628 742 737 817 panis
759 743 883 813 unius,
912 741 1046 800 mulier
1072 744 1193 800 autem
1223 739 1408 814 pretiosas
1430 740 1572 800 animas

445 846 554 918 capit.

414 954 432 1013 5
485 948 561 1007 Ante
577 963 628 1006 nos
642 947 701 1005 ista
714 948 890 1017 tractantur,
912 949 942 1002 et
958 944 1046 1002 nullis
1062 945 1217 1004 terroribus
1233 960 1411 1003 coercemur:
1435 945 1504 1017 quid
1526 945 1595 1004 ia·a

443 1067 586 1121 curemus,
603 1050 628 1108 si
643 1049 824 1123 opinionibus
839 1046 1034 1107 tantummodo
1050 1049 1148 1120 gestas
1164 1047 1300 1105 historias
1314 1045 1499 1105 audiremus?
1523 1047 1574 1107 sed

445 1151 516 1209 haec
529 1155 573 1210 est
588 1167 699 1224 semper
712 1149 898 1209 incredulitas
910 1149 1048 1207 humanae
1063 1148 1201 1218 duritiae,
1217 1151 1317 1206 utnon
1329 1149 1422 1205 solum
1434 1148 1574 1208 audiendo

443 1252 493 1311 scd
508 1251 595 1312 etiam
610 1251 732 1311 uideudo
747 1268 803 1309 non
817 1251 915 1309 credat
929 1249 1035 1308 alteros
1049 1249 1191 1320 interisse,
1207 1249 1263 1307 nisi
1278 1250 1308 1307 et
1321 1266 1353 1307 se
1369 1248 1461 1322 ipsam
1477 1249 1577 1309 uideat

444 1353 577 1412 interire:
602 1369 654 1411 nec
676 1352 814 1412 sociorum
836 1351 976 1410 mortibus
997 1352 1141 1423 quatitur,
1168 1350 1235 1408 dnm
1249 1348 1317 1410 illos
1339 1352 1510 1424 promeritos
1525 1354 1577 1411 aut

445 1453 588 1513 inualidos
603 1454 747 1528 opinatur.
763 1470 794 1511 se
810 1456 906 1511 autem
922 1450 1043 1510 multum
1058 1452 1160 1511 mereri
1181 1455 1231 1510 aut
1252 1452 1373 1511 multum
1388 1454 1484 1512 ualere
1500 1453 1574 1512 fidu·
1585 1467 1611 1506 ro

444 1555 556 1613 cialiter
570 1557 670 1627 putat,
694 1555 823 1614 nesciens
844 1555 974 1626 praeberi
996 1554 1106 1612 cunctis
1129 1555 1270 1627 exempla,
1297 1571 1361 1612 cnm
1383 1555 1493 1614 fuerint
1507 1556 1573 1628 qui·

445 1657 565 1714 busdam
586 1655 719 1729 inrogata
733 1655 889 1727 supplicia,
912 1655 987 1714 sicut
1010 1654 1146 1712 Dominus
1168 1654 1197 1712 in
1219 1655 1368 1728 euangelio
1390 1656 1523 1728 proponit
1545 1661 1574 1715 et

445 1756 529 1815 dicit:
558 1755 822 1833 putatislquod
844 1756 882 1814 hi
904 1756 1068 1814 Galilaei
1092 1771 1177 1828 prae
1199 1756 1367 1815 omnibus
1390 1756 1576 1816 Galilaeis

446 1856 597 1915 luerunt
619 1860 838 1931 peccatores
860 1858 925 1929 qui
948 1857 1043 1916 talia
1065 1856 1165 1928 passi
1189 1861 1295 1915 siunt?
1319 1875 1396 1916 non.
1421 1858 1502 1916 dico
1518 1876 1575 1918 no·

446 1958 519 2018 bis:
550 1960 624 2018 nisi
653 1961 925 2034 paenitentiam
947 1959 1175 2030 habueritis,
1205 1960 1387 2019 similiter
1415 1961 1613 2033 perietisrs

446 2061 545 2120 sicut
567 2062 628 2120 illi
652 2079 763 2135 supra
785 2079 874 2136 quos
897 2062 1037 2121 cecidit
1065 2061 1183 2120 turris
1205 2061 1241 2119 in
1272 2062 1388 2134 Siloa,
1418 2066 1454 2121 et
1483 2063 1576 2122 occi·

447 2162 503 2219 dit
525 2180 594 2223 eos.
616 2163 764 2237 putatis
787 2163 956 2236 quoniam
972 2162 1301 2237 etipsidebitores
1317 2164 1471 2223 fuerunt
1492 2180 1579 2238 prae

446 2267 615 2324 omnibns
637 2266 850 2325 hominibus
871 2264 1139 2324 habitantibus
1161 2265 1197 2323 in
1219 2265 1475 2326 Hierusalem?
1498 2284 1578 2326 non.

447 2366 526 2424 dico
550 2367 673 2425 uobis:
697 2368 728 2425 si
750 2384 819 2425 non
843 2365 1133 2437 paenitueritis‚
1157 2366 1341 2424 similiter
1363 2367 1533 2439 perietis.

420 2464 437 2520 6
490 2467 627 2528 Miramur
649 2468 675 2526 si
695 2468 787 2527 Adam
802 2485 853 2541 per
868 2467 958 2525 Euam
973 2468 1105 2526 seductus
1122 2469 1181 2538 est,
1206 2483 1289 2540 quern
1301 2467 1381 2526 nulla
1396 2469 1613 2530 morientiumao

446 2569 575 2641 exempla
585 2570 808 2642 praecesserant,
821 2567 877 2625 nisi
889 2567 978 2626 iussio
989 2585 1046 2627 uua
1061 2568 1276 2639 constrinxerat,
1290 2586 1353 2628 cum
1365 2570 1447 2627 modo
1462 2587 1514 2628 nos
1526 2586 1578 2628 nec

447 2670 667 2730 innumerabiles
678 2672 784 2729 mortes
793 2687 844 2729 nec
854 2669 968 2728 infinita
978 2671 1058 2728 iussa
1069 2674 1250 2743 conpescunt.
1263 2670 1367 2743 quibus
1377 2671 1579 2730 conucnientor

447 2770 551 2829 dicitur
563 2773 716 2830 secundum
735 2771 956 2844 increpationem
968 2771 1095 2829 Domini:
1108 2772 1132 2829 si
1147 2771 1238 2830 Adam
1251 2772 1372 2829 uidisset
1382 2774 1488 2830 mortes
1505 2787 1577 2844 quae

449 2873 541 2930 iactae
555 2876 623 2931 sunt
637 2874 766 2942 inuobis,
785 2872 853 2932 olim
868 2874 898 2931 in
913 2873 1005 2932 cilicio
1021 2874 1050 2931 et
1060 2873 1153 2933 cinere
1165 2874 1369 2947 paenitentiam
1380 2873 1497 2945 egisset.
1515 2873 1577 2932 dico

448 2975 542 3032 auum
560 2974 657 3046 uobis,
681 2973 813 3046 quoniam
828 2975 907 3034 Adae
920 2975 1097 3034 tolerabilius
1110 2975 1164 3033 erit
1175 2975 1206 3032 in
1217 2975 1263 3033 die
1275 2973 1373 3033 indicii
1385 2991 1469 3047 quam
1485 2975 1577 3033 nobis.
1587 2990 1613 3032 rs

448 3076 530 3147 louge
542 3075 614 3134 satis
629 3075 713 3149 longe
729 3076 769 3135 sit
779 3077 868 3150 pestis
882 3078 940 3136 ista
951 3080 980 3135 et
991 3077 1053 3136 lues
1064 3080 1093 3137 et
1104 3076 1282 3136 clandestina
1296 3077 1447 3149 pernicies.
1463 3094 1479 3135 o
1494 3095 1579 3150 quam

449 3176 614 3235 inordinalis
630 3177 750 3237 feminae
767 3178 975 3252 propinquitas.
990 3179 1129 3237 iaculatur
1144 3178 1225 3238 cuins
1240 3177 1335 3237 uicina
1350 3182 1394 3236 est
1410 3178 1580 3238 delictorum

449 3277 637 3336 latrocinium.
656 3297 711 3338 uon
728 3283 773 3338 est
789 3280 819 3337 in
834 3282 888 3339 hac
902 3280 1037 3339 societate
1053 3282 1203 3339 sinceritas
1218 3280 1414 3353 adprobabilis
1426 3298 1498 3352 quae
1511 3298 1578 3341 con·

449 3378 565 3439 lisiones
581 3380 668 3439 habet
683 3381 763 3440 uelut
779 3381 949 3454 quibusdam
964 3382 1097 3441 fluctibus
1112 3382 1294 3440 turbulentis.
1322 3382 1351 3439 in
1373 3383 1427 3440 bac
1451 3382 1577 3442 familia·

516 3599 533 3651 2
552 3599 628 3652 Pron.
650 3600 674 3663 6,
693 3600 735 3653 26.
841 3600 954 3654 13an
974 3601 1015 3666 13,
1034 3601 1109 3653 2-5.

516 3811 683 3879 ‘dquantum
707 3811 737 3876 0,
755 3814 897 3866 tantumn
1025 3813 1041 3866 3
1061 3813 1139 3865 unius
1157 3813 1267 3882 panise
1400 3810 1528 3865 8uideat
1550 3813 1580 3876 G,

451 3895 583 3950 siderite
708 3899 742 3951 14
760 3898 896 3952 sueriutc
1025 3898 1057 3951 18
1074 3914 1126 3951 uon
1145 3914 1194 3952 om.
1218 3898 1241 3953 0
1362 3898 1397 3949 21
1414 3900 1441 3950 et
1459 3898 1547 3951 nisio

451 3995 497 4032 nee
515 3981 586 4035 etG
689 3983 724 4035 22
742 3985 944 4051 compescente
1041 3983 1075 4035 24
1094 3985 1157 4035 sunt
1174 3999 1259 4038 eru-v
1362 3984 1396 4037 26
1415 3983 1482 4036 satis
1500 3982 1579 4052 longe

450 4082 500 4117 om.
518 4084 535 4119 o
638 4067 693 4122 ista
715 4069 745 4131 O,
762 4069 847 4123 illac
956 4069 1119 4122 clandistina
1141 4069 1164 4124 0
1271 4068 1305 4122 27
1324 4068 1546 4124 inordinabilisv

450 4150 633 4219 propinquitas
652 4152 786 4207 iaenlmnr
804 4154 879 4207 cuins
897 4152 997 4207 uicinia
1016 4154 1149 4207 Erasmus
1253 4153 1287 4208 28
1305 4153 1488 4224 latrocinium]
1508 4154 1581 4208 leno·

450 4236 548 4290 ciuium
566 4238 635 4292 corti.
658 4239 781 4293 Graecias
884 4237 919 4291 29
936 4238 1105 4293 turbulentas
1130 4240 1181 4295 O²c
