3720 4920
716 357 889 413 Aduersus
908 358 1056 413 ludaeos
1080 375 1101 412 c.
1120 359 1196 412 2-3.
1464 365 1523 426 135

386 519 476 578 uertit
491 519 527 576 ad
542 518 628 589 idola,
644 522 674 577 et
689 517 887 577 interficiendo
908 517 1012 576 missos
1026 518 1063 576 ad
1078 534 1108 576 ee
1123 519 1279 592 prophetas
1294 520 1343 592 qui
1359 521 1394 577 de
1410 519 1525 578 Christe

386 620 592 694 praedicabant
613 619 715 679 erinde
739 621 889 680 consueuit
910 619 1001 679 Israel
1024 620 1158 693 persequi
1173 619 1319 679 Christum
1340 637 1397 678 non
1411 622 1526 679 tantunr

386 725 416 783 iu
432 740 548 796 corpere
564 724 763 782 aduenientem
779 723 929 781 sedetiam
942 740 1006 782 cunr
1022 741 1040 782 a
1054 724 1203 797 prophetis
1214 723 1442 783 adnuntiaretur.
1458 724 1525 783 urri-

384 842 484 885 uersos
497 826 602 884 etenim
615 827 698 883 natea
709 825 852 898 persecuti
868 827 936 884 sunt
945 841 1055 895 seeum,
1072 824 1221 898 exquibus
1232 826 1371 898 quosdam
1382 826 1528 899 lapidibus

363 928 529 1001 :insectati
556 926 630 986 alios
649 925 768 1001 indigns
784 927 972 986 excruciando
987 929 1179 1000 peremerunt,
1195 944 1252 996 non
1265 929 1326 986 tanr
1340 927 1419 1001 ipsos
1433 934 1527 1003 qaum

383 1046 436 1103 per
450 1047 498 1089 eos
509 1028 661 1087 Dominum
676 1029 773 1087 Iesum
789 1028 946 1087 Christum.
963 1044 1035 1102 quae
1052 1028 1127 1087 enim
1142 1029 1229 1087 huius
1243 1030 1397 1102 probatica
1413 1029 1526 1089 scilicet

385 1132 460 1204 quod
487 1131 668 1191 insimulatos
695 1130 734 1207 [et
750 1130 863 1206 infidos}
880 1134 910 1190 ut
935 1131 1060 1206 perlidos
1086 1134 1115 1190 et
1137 1132 1288 1192 mendaces
1311 1135 1341 1191 et
1367 1132 1525 1192 contrarios

385 1233 493 1292 Christi
508 1234 695 1305 susceperint,
712 1249 796 1292 ueros
812 1235 909 1291 autern
921 1236 951 1291 et
963 1233 1030 1291 fidei
1041 1232 1142 1306 plenos
1153 1234 1388 1308 inpugnauerint.
1406 1235 1524 1308 Moysen

383 1335 601 1406 maledicebant,
617 1335 752 1408 quoniam
768 1334 918 1393 Christum
933 1335 1135 1408 praedicabat:
1159 1336 1275 1395 Dathan
1290 1337 1434 1407 amabant,
1450 1354 1528 1410 quo·-

352 1437 464 1497 rcniam
477 1437 623 1496 Christum
637 1453 694 1496 non
710 1436 913 1510 praedicabat:
930 1438 1028 1496 Aaron
1045 1438 1247 1510 repudiabant,
1263 1438 1398 1512 quoniam
1413 1438 1524 1498 Christi

384 1538 602 1598 similitudinem
622 1538 825 1612 praelerebat:
856 1539 966 1598 Abircn
997 1539 1220 1610 constituebant,
1242 1540 1376 1614 quoniam
1406 1539 1523 1600 Christo

384 1642 616 1701 contradicebat:
654 1641 748 1700 Dauid
778 1642 909 1715 oderant,
940 1643 1074 1715 quoniam
1105 1641 1252 1701 Christum
1280 1643 1415 1701 canebat:
1454 1643 1522 1702 Saul

384 1745 570 1813 extollebant,
587 1745 722 1816 quoniam
737 1744 883 1803 Christum
900 1763 957 1805 uorr
968 1746 1148 1818 loquebatur.
1164 1745 1324 1805 Samuelem
1336 1746 1522 1819 respuebant,

383 1849 517 1923 quoniam
530 1847 676 1906 Christum
691 1846 879 1920 loquebatur:
896 1846 985 1906 Chum
1000 1847 1164 1918 sarriebant,
1180 1847 1255 1905 nihil
1266 1846 1342 1907 eninr
1358 1846 1393 1906 de
1409 1846 1522 1906 Christo

346 1970 373 2009 ra
383 1952 572 2025 loquebatur:
595 1950 772 2008 Hieremiam
788 1950 957 2023 lapidabant
972 1951 1117 2009 Christum
1134 1949 1356 2009 uaticinantem:
1377 1949 1521 2009 Ananiam

382 2051 543 2124 diligebant
566 2050 713 2108 Christum
738 2053 957 2109 aduersantem:
980 2052 1097 2110 Esaiam
1120 2051 1258 2110 secabant
1280 2052 1424 2111 Christum
1440 2053 1523 2112 uoci-

381 2154 538 2210 ferantem:
555 2153 708 2210 Manassen
725 2152 951 2225 magnificabant
966 2153 1111 2213 Christum
1127 2157 1362 2226 persequentem:
1384 2154 1520 2214 Ioannem

380 2254 583 2313 interimebant
599 2254 746 2313 Christum
762 2254 1023 2314 demonstrantem:
1047 2254 1213 2315 Zachariam
1234 2255 1420 2315 trucidabant
1434 2255 1519 2314 Chri·

378 2359 455 2415 stum
484 2355 670 2427 diligentem:
703 2356 806 2414 Iudam
832 2356 994 2429 diligebant
1020 2356 1166 2416 Christum
1192 2359 1362 2416 tradentem.

344 2495 371 2537 sc
424 2473 536 2532 Videtis
551 2474 787 2546 quemadmodum
804 2473 951 2533 Christum
967 2474 1016 2548 qui
1032 2474 1158 2548 diligunt
1179 2475 1324 2546 odiuntur,
1351 2476 1401 2549 qni
1416 2475 1539 2535 odiunt3

380 2590 476 2633 amore
502 2575 626 2646 flagrant
652 2576 728 2647 apud
755 2575 904 2650 indignam
920 2576 1042 2649 plebem.
1069 2575 1296 2648 opertinaciam
1310 2578 1520 2647 persecutionis

380 2676 528 2750 indignam
557 2692 646 2749 usque
670 2676 705 2735 ad
729 2677 832 2736 mortis
848 2678 1132 2737 exterminationem:
1160 2677 1309 2738 nonenim
1323 2679 1522 2738 tantummodo

449 2958 681 3013 linterficiendcs
696 2962 727 3023 T,
741 2959 864 3014 faciendo
878 2961 905 3014 Β
979 2961 1187 3016 ‘dccnsnebitT
1253 2963 1425 3016 4uniueraus
1439 2962 1493 3032 QT
1568 2984 1571 2989 ¹

379 3042 453 3097 uatis
472 3042 524 3112 Ql'
590 3060 651 3098 eum
670 3060 721 3099 ena
739 3060 769 3110 o:
787 3044 856 3110 sert.
878 3045 1065 3113 praedicantes
1082 3062 1143 3101 eum
1203 3047 1232 3101 in
1250 3047 1389 3117 lapidibus
1408 3048 1490 3119 BQT

376 3129 441 3181 bet
459 3128 555 3198 nonQ
695 3130 763 3198 tarn]
783 3133 892 3184 tanturn
911 3131 956 3185 Bu
1095 3149 1176 3200 qnam
1194 3133 1300 3198 addidi,
1317 3133 1363 3186 sed
1382 3135 1411 3187 et
1427 3151 1453 3195 a,
1471 3149 1522 3187 our.

379 3212 459 3282 ngr
521 3266 522 3269 ,
630 3197 735 3268 eum
748 3213 837 3268 iesum
859 3217 891 3279 r,
909 3199 1231 3286 emmeramme&
1248 3218 1303 3282 nn,
1321 3201 1386 3273 effa
1406 3218 1488 3288 qma

378 3311 446 3364 quae
465 3299 546 3369 enim]
565 3300 698 3368 persecuti
716 3301 781 3354 smrt
798 3300 837 3355 M
851 3301 885 3354 in
901 3316 957 3355 ras.
974 3318 1010 3355 m.
1029 3304 1049 3354 2
1068 3303 1147 3370 (quae
1166 3303 1239 3356 enirn
1258 3303 1293 3374 Q)
1403 3305 1443 3358 rei
1461 3320 1522 3373 pre·

377 3380 452 3435 batio
471 3386 512 3436 est
530 3384 566 3436 M
583 3385 623 3437 rei
641 3391 667 3438 et
684 3388 727 3437 est
743 3399 766 3437 e.
785 3385 804 3438 l.
822 3402 859 3439 m.
878 3388 898 3438 2
917 3385 1054 3454 (probatio
1074 3386 1109 3456 Q)
1296 3389 1362 3442 ‘lec
1382 3390 1454 3457 quod
1471 3405 1489 3442 n
1557 3434 1559 3439 .

377 3469 564 3526 iusimnltstes
584 3472 611 3525 Β
777 3474 806 3526 et
825 3472 922 3526 infidos
940 3489 991 3527 ora.
1012 3473 1036 3544 Q
1201 3478 1229 3529 et
1247 3476 1294 3547 m]
1312 3476 1489 3531 mendaccsn

378 3557 479 3624 9quia
497 3557 629 3610 christum
652 3560 678 3612 T
758 3557 792 3612 10
810 3559 1000 3628 repudiabant]
1018 3561 1048 3614 in
1066 3560 1216 3615 sacerdotio
1234 3561 1300 3616 add.
1320 3561 1369 3633 Qu,
1389 3562 1418 3616 irr
1435 3577 1523 3616 sacer-

377 3638 468 3694 dotem
488 3642 516 3694 B
622 3643 655 3695 11
673 3644 830 3711 proferebat
848 3643 904 3713 BQ
1009 3644 1182 3699 eonstiebant
1202 3647 1228 3700 Τ
1337 3645 1371 3699 13
1388 3646 1522 3700 christum

378 3740 431 3779 nen
450 3727 486 3792 Β,
505 3725 538 3779 de
556 3726 659 3780 christo
678 3727 749 3781 nihil
769 3728 802 3799 Q,
821 3729 953 3782 christum
974 3729 1000 3782 Τ
1138 3731 1283 3784 samuelem
1299 3730 1523 3799 ...loquebatur

379 3825 430 3866 om.
450 3811 530 3881 BQT
656 3815 690 3867 14
708 3814 797 3884 cham]
817 3831 891 3884 agag
908 3817 980 3870 ceni.
998 3815 1142 3871 Poetelius
1271 3818 1304 3872 15
1321 3817 1467 3871 annanianr
1488 3818 1520 3881 T,

377 3898 537 3968 ananianQ
634 3900 666 3953 16
686 3898 788 3953 christe
808 3901 906 3955 aduc
1003 3902 1036 3956 17
1055 3917 1214 3957 manassen
1305 3901 1439 3957 christum
1457 3919 1484 3972 p.
1503 3904 1522 3956 i.

377 3979 573 4036 interimebant
589 3985 685 4056 em.Q
800 3985 942 4055 christum]
961 3986 1040 4041 deum
1058 3986 1087 4040 Β
1194 3988 1228 4041 18
1244 3988 1489 4044 interamebarrtT

375 4065 413 4120 20
430 4068 477 4135 qui
495 4068 592 4123 odiunt
609 4086 660 4125 om.
682 4069 734 4140 QT
856 4072 889 4125 21
908 4072 1071 4143 amorst
1188 4074 1311 4144 fraglant
1328 4089 1365 4129 ex
1382 4074 1521 4144 fraglanta

376 4153 408 4216 Τ,
427 4154 536 4222 fragant
554 4157 598 4218 M,
617 4157 745 4225 frangent
765 4158 796 4226 Q,
818 4158 950 4227 plangent
968 4159 997 4213 Β
1100 4160 1137 4215 22
1154 4164 1268 4215 mortem
1288 4161 1316 4215 B
