3720 4920
409 345 450 410 92
881 304 1078 406 appendia*

358 500 398 558 19
451 497 525 556 Puto
551 513 603 556 nos
623 495 707 570 plone
733 497 883 554 exsecutos
898 493 1139 569 praedicationem
1153 493 1297 565 baptistae
1312 490 1440 562 Ioannis,
1467 494 1543 552 unde

407 615 566 658 sermonem
592 615 690 657 sumus
712 595 816 669 exorsi,
843 597 893 670 qui
914 594 988 654 dixit
1009 595 1047 654 ad
1062 595 1201 654 Iudaeos:
1225 610 1289 667 ogo
1311 594 1454 668 quidem
1476 610 1540 654 uoa

406 700 555 775 baptizo
575 715 669 772 aqua
688 698 725 756 in
745 697 1026 771 poenitentiam.
1048 697 1110 770 qni
1124 699 1241 756 autem
1261 698 1345 770 post
1366 712 1418 755 me
1438 696 1541 755 uenit

407 803 545 862 fortior
566 820 618 861 me
640 804 713 873 est,
735 800 843 860 onius
865 816 929 874 ego
951 816 1022 858 non
1044 817 1120 859 sum
1142 798 1275 872 dignus
1298 798 1443 858 soluere
1465 815 1539 857 cor·

405 903 539 979 rigiam
576 901 825 962 calciamenti.
862 901 943 975 ipse
980 918 1043 961 uos
1079 901 1290 973 baptizabit
1326 900 1362 958 in
1399 900 1563 972 spiritua

405 1007 534 1064 sancto
557 1007 593 1062 et
613 1002 701 1077 igni.
725 1002 850 1061 arbitror
870 1005 965 1061 autem
981 1007 1011 1061 et
1026 1002 1149 1076 apostoli
1171 1001 1287 1060 Ioannis
1311 1001 1470 1060 doctrinam
1485 1017 1539 1061 nos

404 1105 572 1180 noninepte
587 1105 772 1179 disposuisse,
788 1103 838 1178 qui
853 1104 909 1163 ait:
932 1104 1017 1178 quia
1039 1107 1117 1163 tros
1139 1102 1393 1164 testimoninm
1416 1103 1539 1176 perlui·

404 1209 508 1280 bent,
543 1207 705 1280 spiritns
734 1208 769 1266 at
796 1223 889 1280 aqua
911 1209 948 1264 et
969 1207 1139 1280 sangnis,
1171 1208 1206 1265 et
1233 1206 1298 1265 isti
1327 1209 1405 1265 tres
1433 1223 1539 1265 unum

404 1312 499 1369 sunt.
528 1309 585 1367 nisi
613 1308 699 1368 fallor
724 1310 822 1367 autem
848 1306 935 1366 etiam
960 1308 1034 1366 illud
1060 1308 1274 1380 explanauimus
1299 1308 1374 1379 quod
1400 1306 1540 1366 Dominus

403 1415 500 1471 noster
526 1412 586 1470 ait:
616 1412 777 1470 Ioannes
799 1409 942 1482 quidem
967 1409 1174 1483 baptiaauit
1195 1425 1301 1483 aqua,
1332 1426 1396 1468 uos
1419 1411 1575 1469 autemus

403 1510 689 1585 baptizabimini
710 1510 747 1569 in
770 1510 914 1583 spiritu
936 1512 1074 1571 sancto.
1097 1514 1245 1583 praeterea
1266 1510 1398 1570 existimo
1413 1527 1538 1570 noanon

402 1613 544 1672 inllrmam
573 1613 713 1673 rationem
735 1611 896 1672 reddidisse
911 1611 1123 1671 consuetudinis
1138 1629 1261 1672 cansam.
1284 1614 1416 1671 tueamur
1429 1615 1537 1685 tamen,

402 1712 457 1774 etsi
477 1713 634 1787 posteriore
655 1714 716 1772 loco
731 1712 762 1770 id
776 1711 909 1784 iacimus,
937 1730 972 1772 na
988 1713 1037 1785 qui
1053 1715 1135 1786 putet
1149 1730 1203 1771 nos
1217 1713 1299 1772 unico
1315 1713 1437 1772 articulo
1452 1731 1536 1786 prae·

402 1816 512 1874 sentem
539 1814 752 1874 altercationem
780 1813 930 1874 suscitare.
965 1831 1135 1888 quamquam
1161 1815 1231 1873 haec
1252 1815 1426 1873 consuetudo
1448 1815 1536 1874 etiam

402 1916 464 1976 sola
489 1916 604 1976 deberet
624 1918 700 1989 apud
721 1915 851 1975 homines
876 1915 1005 1976 timorem
1019 1916 1073 1976 Del
1088 1916 1226 1976 habentes
1242 1919 1272 1975 et
1286 1917 1410 1975 humiles
1424 1916 1535 1990 praeci·
1547 1939 1573 1979 rs

401 2035 490 2090 pnum
503 2018 597 2077 locum
612 2017 750 2077 obtinere.
1130 2002 1132 2006 Α

234 2544 318 2610 ·’,”Γζῖ”·;.
334 2587 344 2612 s
358 2592 376 2632 ,1
387 2597 399 2630 f
414 2560 440 2629 i

300 2605 333 2617 ,,.

389 2629 398 2640 ι·
423 2627 430 2640 ἱ
458 2625 460 2629 ’
477 2636 483 2648 3

191 2727 519 2815 c«
626 2709 729 2846 xvi.
763 2708 836 2806 un
879 2708 1276 2807 rlLbATORlBVS.

471 2842 483 2867 ι’
492 2858 536 2896 fw-
551 2877 560 2911 r*
569 2869 592 2913 ἃ

546 2952 550 2959 ,
644 2924 649 2952 l

370 3186 387 3244 1
440 3193 603 3250 aamagna
625 3177 708 3236 nobis
729 3176 766 3236 ob
786 3177 949 3237 uniuersam
966 3178 1174 3238 fraternitatem
1191 3195 1258 3238 cura
1273 3181 1326 3250 est,
1342 3179 1453 3251 fideles,
1469 3197 1530 3239 ma·

398 3279 473 3339 nime
499 3282 528 3339 et
553 3296 602 3338 raa
628 3279 804 3352 perditorum
825 3281 948 3340 omnium
973 3281 1092 3340 audacia
1112 3280 1201 3340 idest
1221 3281 1390 3352 aleatorum,
1420 3283 1568 3344 animosae

466 3492 565 3549 2Luc.
583 3493 608 3558 3,
628 3495 669 3549 16.
774 3494 790 3547 7
809 3495 823 3548 1
842 3493 882 3548 Io.
900 3495 924 3556 5,
943 3495 969 3548 8.
1073 3495 1108 3549 10
1124 3496 1183 3550 Act
1204 3498 1227 3562 l,
1245 3496 1270 3550 5.

466 3689 500 3742 16
518 3718 551 3728 -
571 3688 670 3744 Caecili
687 3689 813 3758 Cypriani
830 3688 923 3743 finiuit
940 3689 972 3743 de
989 3689 1180 3759 rebaptismate
1197 3692 1254 3746 cod.
1275 3721 1305 3731 -

465 3773 567 3843 Incipit
591 3774 624 3828 de
646 3773 810 3828 aleatoribus
833 3772 876 3836 D,
899 3773 1001 3843 Incipit
1026 3775 1142 3845 epistula
1165 3776 1291 3847 Cypriani
1315 3777 1348 3832 de
1365 3777 1529 3834 aleatoribus

395 3858 537 3925 (aleatores
563 3859 597 3926 Τ)
617 3858 674 3928 QT.
711 3887 742 3899 -
783 3859 818 3913 19
840 3859 952 3911 initium
974 3860 1058 3913 leuitas
1081 3861 1143 3913 labri
1160 3862 1275 3916 uidetur
1298 3864 1460 3917 laoamosum

395 3943 439 4012 ob]
458 3942 492 3997 ab
510 3958 526 3996 o
659 3943 786 3997 uniuersa
803 3944 976 3998 lratomitato
996 3944 1049 4015 ΩΤ
1184 3965 1247 4002 cura
1264 3953 1306 4003 est
1322 3951 1430 4018 scripsi,
1450 3968 1528 4006 curae

394 4028 483 4092 Dor,
503 4044 567 4082 cura
582 4046 600 4084 o
747 4028 839 4083 fidelos
856 4031 963 4098 scripsi,
981 4031 1068 4086 fidelia
1085 4032 1173 4104 Dos,
1192 4036 1319 4090 successit
1335 4053 1365 4098 o;
1383 4035 1419 4100 cs.
1435 4054 1466 4104 p.
1483 4043 1528 4103 96,

394 4115 444 4175 21,·
461 4130 492 4180 p.
512 4117 557 4176 97,
574 4118 609 4168 10
785 4114 821 4168 20
837 4115 874 4182 etl
897 4131 964 4170 eno
1119 4119 1249 4189 omnium]
1268 4120 1409 4175 bominum
1425 4121 1492 4186 fort.

394 4198 552 4267 aleatorum]
570 4198 689 4252 omnium
707 4199 772 4254 add.
789 4198 820 4253 D
835 4215 857 4253 s.
876 4200 893 4253 l.
911 4218 946 4254 m.
964 4204 993 4264 2,
1011 4218 1077 4270 quac
1094 4203 1157 4258 odd.
1176 4223 1193 4259 c
1284 4206 1367 4260 animi
1386 4208 1528 4262 Pometiae
