3720 4920
1369 407 1484 455 LXXXI

340 540 448 606 100100
468 555 543 605 uero
562 537 738 604 innumeris
758 538 837 605 locis
856 540 1043 606 emendatus
1058 541 1090 605 et
1104 539 1144 605 sd
1160 539 1330 624 genuinam
1349 541 1484 607 formem

341 651 490 717 reductus
502 653 560 731 est,
575 653 613 717 ut
623 650 750 717 Erasini
764 650 899 717 recensio
914 651 1101 737 integritate
1112 653 1152 718 eb
1165 672 1203 719 ea
1214 655 1307 737 longe
1321 653 1486 736 superetur

342 763 481 845 exceptis
495 782 571 829 snus
584 762 744 828 nonnullis
759 762 851 828 libris
866 764 900 829 ot
915 763 1034 847 spuriis
1048 764 1218 847 plerisque,
1239 764 1273 829 in
1289 765 1402 847 quibus
1417 765 1487 830 tote

342 873 383 938 ab
397 874 528 938 Erusmo
545 874 670 956 pendet.

385 982 511 1050 Nouum
525 1001 653 1067 prorsus
668 986 756 1051 uiam
770 986 880 1051 eodem
895 986 1037 1069 temporo
1052 986 1215 1071 ingressus
1230 987 1279 1052 est
1294 984 1653 1056 Guilielmussnoerrue

342 1093 510 1173 Morelius,
526 1093 581 1176 qui
600 1094 758 1176 prioribus
779 1095 972 1161 editionibus
993 1097 1149 1179 neglectis
1164 1096 1337 1161 maximnm
1351 1096 1487 1179 scripto-
1539 1078 1610 1123 ¹¹⁸¹*

342 1223 414 1270 rum
434 1206 559 1287 partem
580 1223 617 1271 ex
631 1205 791 1272 codicibus
811 1206 912 1272 denuo
934 1205 1179 1288 imprimendum
1195 1205 1320 1273 0000011
1334 1206 1367 1272 01
1381 1206 1489 1290 spurio

345 1315 496 1396 conplura
516 1316 642 1382 adiecit.
665 1316 784 1398 prodiit
804 1316 902 1381 editio
917 1316 1053 1382 Parisiis
1075 1316 1160 1400 apud
1175 1313 1259 1381 Guil.
1275 1316 1408 1381 Desbois
1427 1318 1487 1382 snb

344 1423 1489 1507 Solesureouialacobceun1564insuntbsec211drianil'nrnebiprae-

330 1535 425 1620 §satio
443 1536 489 1600 ad
511 1534 664 1601 Carolum
684 1536 961 1601 Maximillam
984 1535 1148 1600 Volusium
1163 1536 1369 1600 Francorum
1386 1554 1489 1618 reaem

343 1645 657 1729 christianissimum,
681 1646 756 1711 Vita
771 1646 932 1729 Cypriani
941 1667 1004 1728 per
1018 1647 1185 1724 Pontium,
1202 1646 1305 1712 Actus
1320 1644 1490 1711 Passionis

343 1754 436 1821 nous
460 1755 600 1822 Pontius
624 1757 779 1836 meminit,
805 1756 923 1822 Passio
943 1776 1005 1837 per
1025 1754 1172 1821 Paulum
1196 1756 1367 1820 diaconum
1392 1756 1489 1833 edita,
1552 1827 1555 1834 ,

342 1864 657 1949 Passioeuantiquis
662 1867 755 1932 libris
761 1866 930 1949 0100ον1010,
935 1865 1053 1931 Passio
1054 1886 1115 1947 per
1121 1865 1337 1931 Pnldentinm
1345 1865 1490 1949 (Punica

345 1981 435 2043 terra
445 1976 522 2042 tulit
534 1977 619 2061 etc.)‚
636 1975 785 2052 Qualiter
795 1981 979 2042 sanatorum
987 1977 1180 2057 Martyrum
1190 1975 1351 2058 Cypriani
1359 1975 1488 2056 speon

345 2086 562 2153 Pantaleonis
575 2087 733 2168 reliquiae
746 2085 944 2169 Ineodnnum
960 2087 1096 2168 adeptae
1110 2086 1185 2164 sint,
1202 2086 1311 2152 Sermo
1326 2085 1359 2152 S.
1375 2086 1490 2167 Anqu-

344 2198 426 2262 stini
440 2199 479 2264 de
494 2198 528 2266 S.
547 2198 713 2280 Cypriam
726 2202 865 2280 marture
880 2200 913 2264 et
927 2198 992 2263 elia
1007 2198 1126 2281 elogia3
1154 2197 1267 2263 deinde
1280 2197 1384 2263 indice
1397 2215 1490 2279 prae-

222 2331 225 2336 ·
345 2308 443 2373 misso
466 2326 559 2390 opero
582 2309 641 2374 hoc
664 2310 789 2375 ordino:
816 2309 920 2373 libelli
935 2309 963 2374 I.
979 2308 1018 2372 Χ.
1035 2308 1093 2384 IX,
1120 2308 1275 2390 epistulae
1297 2308 1350 2371 37.
1367 2307 1418 2371 38.
1437 2307 1489 2382 10,

344 2417 449 2483 libelli
464 2419 503 2484 V.
520 2418 593 2483 VII.
611 2418 702 2484 VIII.
718 2419 774 2483 XI.
790 2419 864 2483 XII.
880 2418 972 2483 XIII.
989 2418 1045 2483 IV.
1062 2418 1121 2496 VI,
1136 2418 1290 2501 epistulae
1305 2416 1488 2485 306057.

239 2576 242 2582 .
346 2530 398 2595 59.
422 2529 475 2594 52.
497 2529 552 2594 47.
574 2529 628 2594 45.
649 2530 703 2593 44.
719 2530 772 2596 51.
796 2530 846 2594 13.
869 2530 922 2595 43.
948 2529 1001 2595 65.
1020 2530 1048 2594 1.
1066 2530 1118 2594 61.
1140 2530 1192 2594 46.
1215 2529 1268 2595 54.
1290 2527 1342 2591 32.
1366 2525 1419 2591 20.
1438 2525 1489 2590 12.

347 2639 400 2705 78.
416 2640 469 2716 67.
485 2639 537 2705 64.
552 2640 583 2705 2.
600 2640 630 2705 3.
650 2640 700 2704 14.
715 2640 769 2705 49.
784 2639 837 2705 50.
853 2639 1006 2720 68175.
1023 2639 1076 2704 53.
1095 2640 1148 2705 16.Ι
1165 2639 1215 2705 15.
1233 2639 1284 2702 17.
1301 2638 1353 2702 18.
1370 2637 1421 2702 19.
1436 2636 1490 2702 26.

347 2750 401 2817 25.
423 2752 454 2816 9.
476 2751 529 2815 29.
551 2749 604 2816 56.
621 2750 651 2813 7.
669 2750 699 2827 6,
717 2749 775 2814 lib.
790 2749 835 2828 ΙΙ,
858 2750 890 2814 4.
905 2749 959 2814 55.
975 2748 1029 2813 28.
1047 2750 1099 2813 11.
1114 2749 1167 2814 39.
1183 2749 1235 2815 58.
1251 2749 1293 2813 69
1318 2743 1489 2831 (dimidiu).

346 2861 400 2926 48.
416 2862 469 2926 66.
484 2860 538 2925 40.
553 2860 607 2936 63,
622 2857 674 2924 De
686 2859 781 2924 laude
792 2859 958 2940 martyrii,
974 2859 1026 2924 73.
1043 2860 1095 2924 71.
1114 2860 1166 2937 70,
1181 2858 1363 2925 Smtenliae
1376 2856 1492 2937 episoo

343 2990 471 3052 porum.
499 2971 551 3034 74.
578 2971 630 3036 69.
660 2970 711 3034 72.
737 2970 790 3034 31.
819 2970 872 3046 77,
899 2969 952 3047 79,
981 2970 1005 3049 1
1030 2969 1086 3033 Aa
1121 2968 1279 3050 Vmilium
1303 2967 1491 3047 episcopan,

347 3081 371 3163 †
384 3079 553 3145 Aduersus
568 3080 706 3145 Iudaeos
724 3079 781 3160 qai
800 3075 939 3144 insecuti
953 3082 1030 3144 sunt
1044 3078 1212 3143 dominnm
1226 3080 1371 3141 nostram
1385 3075 1493 3141 Issum

349 3188 524 3269 Giristm,
550 3190 603 3268 80,
630 3189 686 3253 Ari
703 3187 881 3264 Quirinum
895 3189 972 3254 libri
986 3192 1062 3265 tros,
1089 3189 1143 3254 54.
1159 3190 1211 3255 23.
1228 3189 1280 3252 24.
1295 3189 1318 3269 1
1332 3187 1386 3253 21.
1401 3189 1424 3269 †
1438 3188 1491 3252 22.

348 3300 372 3381 †
386 3301 416 3365 8.
433 3300 485 3366 35.
503 3302 555 3367 36.
572 3300 625 3366 33.
640 3300 693 3365 34
709 3300 763 3365 41.
779 3301 809 3367 5.
826 3301 849 3381 1
863 3298 914 3363 De
929 3298 1135 3377 0100100510,
1149 3297 1201 3364 Dc
1215 3299 1293 3364 bono
1301 3289 1494 3379 pudicitiae,

310 3497 313 3505 Ι
348 3411 406 3476 Ao
420 3412 648 3477 Nouotiannm
672 3411 865 3477 mennam
886 3411 970 3491 quod
992 3410 1097 3491 lapsis
1117 3413 1189 3491 etc,
1216 3411 1267 3476 76.
1289 3409 1342 3474 42.
1365 3408 1416 3473 62.
1439 3409 1493 3487 81,

349 3520 615 3603 Bosporanus:
622 3521 674 3588 De
681 3522 807 3605 duplici
816 3521 983 3601 martyrio,
997 3519 1049 3586 De
1061 3520 1291 3603 singularitate
1300 3518 1494 3596 clericorum,
1697 3568 1701 3576 .

350 3632 403 3700 De
417 3633 645 3702 cardinalibus
661 3632 783 3698 Christi
807 3632 963 3714 oporibus,
989 3631 1161 3713 Eapositio
1181 3632 1220 3695 in
1239 3629 1421 3713 symbolum,
1442 3628 1495 3695 De
1605 3694 1608 3700 ,

349 3747 510 3812 montebono
525 3744 654 3812 810001
670 3744 760 3822 Sion,
783 3745 806 3825 1
820 3742 872 3809 De
885 3741 1050 3808 duodecim
1070 3743 1277 3807 abusionibus
1290 3739 1419 3818 saeculi,
1442 3737 1495 3804 De

350 3856 543 3924 reuelotione
557 3855 674 3936 capitis
688 3856 757 3935 eto,
771 3853 986 3936 †Dispositio
1000 3873 1123 3931 coenae,
1139 3853 1300 3919 Carmina
1313 3854 1336 3934 †
1352 3850 1494 3927 Genesis,

350 3970 374 4051 †
389 3968 535 4053 Sodoma
555 3966 607 4033 De
627 3986 716 4033 eruce
735 3964 870 4043 domini,
889 3963 983 4046 †Arl
998 3963 1160 4044 quendmn
1174 3968 1358 4029 senatorem.
1378 3962 1495 4043 quse†

264 4140 271 4158 ,
351 4079 443 4165 siguo
463 4080 571 4146 uotsni
592 4080 662 4144 tum
683 4078 805 4144 inedita
825 4077 923 4142 erent.
946 4075 1100 4141 Morelius
1120 4076 1305 4159 priusquam
1323 4072 1495 4138 sditionem

352 4190 494 4258 sbsoluit
512 4193 660 4257 mortuus
675 4190 713 4255 de
729 4188 888 4256 codicibus
903 4187 936 4252 et
951 4206 1028 4253 suae
1042 4187 1231 4253 recensionis
1249 4185 1369 4251 ratione
1383 4182 1496 4248 critice

351 4303 435 4372 nihil
455 4302 575 4387 docuit,
596 4302 681 4385 quod
700 4322 773 4370 cum
794 4299 945 4366 audacius
959 4300 993 4367 in
1008 4317 1046 4366 eu
1059 4317 1095 4365 rs
1108 4316 1142 4363 so
1157 4281 1292 4383 gessisse
1310 4311 1369 4361 noo
1391 4293 1495 4360 uideri
1598 4322 1602 4329 ·

455 4429 510 4477 111.
1275 4401 1292 4466 1
