3720 4920
405 337 492 386 nxvl

404 471 502 538 etiem
521 471 573 538 hic
592 473 790 558 conspicitur.
816 472 954 537 ceterum
974 472 1123 537 nonnulle
1143 470 1258 538 rectius
1280 473 1365 556 apud
1378 473 1533 559 Hierony·

404 602 493 647 mum
505 581 553 667 (h)
567 584 722 669 leguntur,
746 584 835 650 cuius
854 584 938 650 inter
959 601 1051 665 opere
1066 583 1128 670 (ed.
1144 582 1271 649 Murtin.
1288 583 1317 646 V
1338 603 1370 666 p.
1383 583 1459 661 405,
1482 583 1530 649 ed.

404 691 540 759 Vellere.
555 692 602 758 XI
615 693 637 759 2
651 715 681 779 p.
696 694 774 778 357)
795 694 930 779 epistula
949 693 1014 760 iem
1028 693 1083 758 diu
1098 695 1170 760 ente
1183 694 1350 760 Baluzium
1364 693 1533 774 ferebatur,

404 803 487 886 quod
507 803 574 886 ipse
585 823 647 870 nou
660 805 835 889 ignorabat.
853 841 897 854 -
910 804 1004 870 XVII
1020 807 1227 874 Garmtmr
1240 804 1394 890 Cypriane
1406 806 1534 872 Tertul-

404 913 488 980 lieuo
499 913 570 979 eliis
580 914 738 998 adscripta
745 915 1131 1001 erhacsuppositiciorum
1142 936 1270 999 operum
1280 914 1436 1000 farragine
1446 910 1536 979 nolui

404 1021 553 1108 relegare,
573 1042 646 1090 cum
663 1041 745 1090 noua
762 1025 915 1108 quaedam
935 1025 1091 1108 praesidia
1104 1026 1145 1091 ad
1159 1043 1266 1091 eorum
1285 1025 1535 1091 emendationem

406 1132 562 1214 haberem,
583 1133 699 1217 quibus
720 1137 791 1217 post
812 1135 965 1201 editiones
979 1137 1134 1221 principes
1149 1135 1204 1202 diu
1217 1135 1361 1221 neglecte
1374 1135 1414 1200 ad
1428 1134 1537 1218 pristi-

404 1263 492 1323 num,
518 1243 751 1328 quincumque
776 1243 831 1310 illo
855 1247 912 1326 est,
938 1245 1072 1312 nitorem
1098 1245 1224 1312 restitui
1248 1263 1338 1329 posse
1362 1245 1534 1337 sperabam.

407 1356 581 1423 mere
602 1374 725 1422 carmen
746 1374 809 1421 une
832 1375 905 1422 cum
920 1355 1056 1422 Βοάονηα
1070 1356 1219 1422 Merolius
1239 1375 1275 1422 er
1296 1355 1400 1423 codiee
1420 1355 1536 1421 biblio·

405 1468 515 1534 thocae
536 1465 567 1533 S.
588 1466 724 1533 Victoris
745 1466 868 1549 primus
889 1467 998 1533 edidit.
1023 1484 1079 1552 ego
1102 1467 1232 1533 eundem
1254 1466 1450 1533 Victorinum
1470 1465 1537 1533 380

405 1577 461 1664 (Β)
479 1596 561 1662 nuno
574 1576 781 1641 Perisieusem
806 1594 884 1642 seeo.
901 1577 982 1641 XIII
1008 1578 1192 1662 diligentius
1214 1577 1333 1643 excussi
1354 1577 1452 1643 altero
1473 1594 1536 1641 nou

405 1687 542 1771 inuento,
557 1686 646 1752 cuius
660 1686 776 1751 auxilio
792 1686 876 1751 unici
892 1687 1006 1752 codicis
1017 1687 1131 1753 monde
1140 1687 1329 1772 grauissima
1338 1687 1534 1752 tollerentur.

404 1799 542 1863 carmina
555 1798 735 1864 Sodesrea
748 1799 781 1862 et
795 1797 971 1879 proximum
985 1795 1037 1862 De
1050 1798 1135 1861 lonc
1156 1797 1296 1862 eiusdem
1318 1797 1453 1862 auctorit
1467 1813 1535 1861 esse

404 1910 441 1975 L.
456 1908 589 1974 Mueller
604 1909 706 1993 (Mes.
729 1907 832 1973 Rhoe.
860 1909 941 1975 1867
964 1928 994 1991 p.
1016 1908 1094 1992 329)
1117 1906 1238 1990 primus
1262 1906 1418 1972 intellexit
1442 1905 1537 1988 idque

405 2019 520 2086 codicis
545 2019 730 2085 Perisiensis
755 2019 842 2083 2772
867 2038 948 2084 saec.
974 2017 1005 2082 X
1030 2018 1089 2102 (H)
1114 2017 1314 2100 inscriptione
1342 2015 1537 2098 Opaseehem

407 2128 603 2194 Tertulliani
621 2128 659 2194 dc
679 2128 800 2194 wadio
814 2127 967 2194 Sodomae
979 2132 1009 2191 ot
1024 2126 1149 2192 Niseia
1168 2127 1377 2193 confirmetur.
1404 2127 1537 2192 duorum

404 2238 632 2305 Perisieusium
650 2238 726 2303 HR
746 2237 932 2302 lectionibus
954 2236 988 2302 iu
1009 2235 1201 2302 emendando
1223 2254 1284 2301 nou
1304 2236 1442 2301 multum
1464 2251 1537 2317 pro·

405 2349 577 2427 iconomus,
602 2348 663 2415 nisi
685 2347 863 2414 accessisset
883 2347 1022 2429 optimus
1046 2346 1140 2412 codex
1154 2345 1320 2410 Vossianus
1341 2344 1363 2409 l.
1379 2345 1407 2425 Q
1422 2345 1464 2411 86
1479 2344 1538 2429 (Α)

404 2449 542 2524 ‘meante
566 2458 671 2541 potius
696 2476 790 2540 quem
811 2457 942 2522 exeunte
967 2474 1045 2522 saec.
1069 2443 1125 2520 IX’
1152 2455 1253 2520 iudice
1269 2454 1376 2521 Geelio
1401 2455 1537 2537 scriptus

406 2569 460 2655 (ct.
480 2568 692 2634 Schneidewin
707 2567 859 2632 Marcel.
885 2587 917 2650 p.
938 2567 1002 2632 680
1026 2567 1059 2630 et
1078 2567 1168 2632 Alex.
1183 2565 1274 2631 Riese
1294 2563 1424 2630 Acthei.
1447 2563 1537 2629 leil

405 2698 435 2763 p.
444 2678 636 2764 XXXVIII),
651 2677 739 2745 euius
754 2677 924 2760 scripturas
933 2677 968 2742 L.
976 2676 1110 2742 Mueller
1123 2677 1157 2741 in
1168 2675 1275 2742 Museo
1283 2675 1380 2741 Bhen.
1395 2674 1539 2756 publica·

405 2790 464 2855 uit.
489 2791 583 2856 codex
607 2789 662 2871 qui
688 2789 766 2853 olim
787 2789 821 2852 iu
845 2787 1036 2852 bibliotheca
1061 2786 1243 2852 monasterii
1264 2783 1537 2850 Laureshamensis

406 2899 559 2979 exstabat,
574 2918 611 2964 ex
622 2915 681 2981 quo
692 2899 750 2963 hoc
761 2899 937 2963 curmeulo.
948 2896 1151 2963 Siccherdum
1166 2896 1325 2962 editurum
1335 2895 1536 2961 esseIthene·

406 3028 464 3075 uus
475 3011 509 3075 in
523 3009 712 3092 praefatione
722 3008 762 3072 ad
774 3008 962 3073 Tertulliani
977 3025 1070 3090 opera
1083 3008 1144 3091 (ed.
1160 3006 1255 3088 1528)
1271 3005 1404 3086 dicebat,
1419 3006 1537 3086 perisse

406 3120 541 3186 uidetur.
564 3120 622 3185 hoc
643 3118 778 3184 carmine
802 3119 925 3199 recepto
947 3136 1009 3183 nou
1029 3119 1169 3199 poteram
1188 3134 1250 3182 non
1269 3116 1381 3180 addere
1401 3115 1538 3180 elerum

407 3231 548 3296 eiusdem
560 3231 669 3312 poetae
683 3232 876 3296 De1ona
890 3229 1085 3312 inscriptum,
1102 3227 1184 3310 quod
1199 3247 1235 3292 er
1249 3225 1352 3290 codice
1366 3225 1538 3290 Pithoeeno

407 3341 532 3405 Iuretus
548 3340 648 3423 (Biol.
657 3347 747 3422 potr.
762 3343 838 3405 tom.
856 3340 947 3422 VIII)
970 3339 1125 3422 uulgauit.
1150 3338 1259 3402 aderet
1273 3339 1396 3419 praeter
1410 3334 1538 3400 Vossia-

407 3468 483 3515 num
499 3449 553 3533 (Α)
568 3449 813 3516 Vindoboncusis
829 3451 870 3517 16
885 3468 964 3515 saec.
980 3448 1028 3512 IX
1044 3448 1101 3532 (A)
1118 3447 1203 3513 lectu
1218 3444 1433 3521 difficillimus,
1450 3443 1538 3509 cuius

408 3559 573 3625 collatione
593 3560 697 3625 minus
718 3559 863 3626 accurate
878 3558 993 3624 Oehler
1007 3556 1152 3641 (Tertull.
1168 3557 1244 3621 tom.
1267 3555 1300 3620 Π
1318 3576 1349 3638 p.
1366 3554 1441 3637 769)
1462 3573 1538 3618 usus

409 3671 468 3735 est.
494 3670 550 3736 hos
576 3672 652 3735 dnos
677 3671 774 3737 libros
796 3689 833 3736 er
854 3671 962 3735 eodem
989 3668 1108 3752 optimo
1129 3667 1211 3732 libro
1233 3665 1358 3732 fluxisse
1382 3668 1537 3732 constanti

408 3781 579 3846 lectionum
595 3799 742 3847 consensu
757 3783 895 3866 apparet.
917 3799 1041 3846 carmen
1057 3784 1204 3864 quartum
1218 3777 1539 3847 Ad'eeseatorcm

409 3890 568 3957 eMorelio
583 3891 720 3975 primum
735 3893 856 3957 editum
866 3892 907 3956 ed
918 3893 1103 3958 uetustiores
1119 3910 1195 3973 quos
1210 3892 1315 3957 iuueni
1330 3892 1538 3958 Parisieusem

407 4001 494 4067 2832
520 4019 599 4067 saec.
615 4001 662 4066 IX
683 4002 733 4087 (1)
757 4005 790 4067 et
811 4002 897 4067 2772
920 4003 988 4087 (Η),
1011 4004 1157 4086 quintum
1173 4006 1240 4070 De
1255 4006 1434 4084 Pascha,
1449 4003 1539 4068 ouius

409 4112 505 4178 editio
529 4112 670 4196 princeps
690 4112 772 4179 Aldo
795 4111 893 4199 (Post.
910 4111 1028 4178 Christ.
1051 4134 1146 4196 opero
1166 4135 1194 4181 e.
1219 4117 1313 4200 1601)
1336 4117 1474 4197 debetur,
1499 4114 1539 4180 ad

410 4224 529 4289 codices
539 4224 611 4304 Illi,
627 4242 758 4306 quorum
773 4227 811 4290 de
827 4226 1010 4309 cognatione
1025 4226 1254 4309 supradictum
1269 4228 1318 4292 est
1331 4245 1360 4308 p.
1372 4224 1491 4290 XXXV
1507 4227 1540 4290 et
