3720 4920
383 299 469 346 XLIV

379 432 542 500 Dominus
570 435 614 499 ad
637 433 787 500 Petrum:
818 451 882 517 ego
913 433 989 497 tibi
1020 433 1123 513 dico,
1150 435 1267 515 inquit,
1296 436 1391 516 quta
1419 440 1461 500 tu
1482 454 1519 500 cs

380 544 525 610 Petras
545 583 590 594 -
612 564 873 627 quaecumque
900 544 1073 609 sotucris
1100 563 1218 624 super
1239 549 1385 610 terram
1406 551 1520 611 crunt

380 656 513 722 soluta
535 661 569 723 ct
591 656 635 723 a'n
656 655 791 723 caetis.
813 655 1022 737 ctadcmpast
1042 655 1299 723 resurrectionen
1320 657 1521 722 suamdicit:

376 786 496 848 pasce
523 786 613 833 ones
641 785 753 833 meas.
788 784 884 848 super
912 786 1016 831 unum
1045 767 1194 849 aedificat
1222 766 1382 834 aeneam
1411 773 1438 833 ct
1466 766 1522 832 itti

377 877 559 959 pascendas
587 896 659 944 oues
687 877 823 942 mandat
849 895 936 954 enas,
965 881 994 942 et
1019 879 1170 960 quamuis
1198 877 1349 960 apostatis
1376 878 1520 943 orantius

377 1006 493 1068 parom
513 988 635 1052 trtimat
649 992 843 1070 potestatem,
863 1007 966 1053 unam
985 994 1093 1053 tantm
1114 988 1298 1054 cathedram
1317 987 1478 1054 constituit
1493 992 1522 1052 ct

381 1097 520 1163 unitatis
546 1098 701 1182 manem
726 1103 819 1180 atquc
843 1098 1001 1164 rationem
1022 1118 1084 1164 sua
1110 1097 1170 1183 (sie
1190 1101 1239 1165 est
1260 1100 1436 1184 legendum,
1464 1099 1522 1164 ad-

381 1228 442 1289 que
466 1209 622 1274 maliosus
646 1229 723 1275 suae
744 1209 841 1289 M²Q¹
863 1212 918 1277 sed
941 1214 1034 1292 atam
1058 1210 1177 1276 deleuit
1201 1209 1310 1292 ΜΨ)
1336 1212 1522 1276 auctoritate

283 1348 286 1354 ¹
382 1319 549 1400 disposuit.
572 1319 627 1385 hoc
649 1325 741 1385 mant
763 1321 871 1403 aaa
884 1325 913 1386 ct
927 1321 1019 1386 ceteri
1044 1320 1128 1402 quod
1142 1319 1268 1399 Petrus,
1289 1320 1343 1386 scd
1363 1322 1523 1403 primatus

382 1429 478 1496 Petro
503 1431 602 1496 datm
622 1435 659 1497 ut
682 1432 725 1518 (ct
739 1432 850 1519 M¹Q¹)
872 1453 942 1499 una
966 1432 1095 1499 malama
1117 1438 1146 1499 et
1167 1433 1318 1499 cathedra
1343 1454 1410 1498 nna
1435 1451 1522 1496 mon-

381 1543 507 1607 stratur.
529 1545 558 1606 et
567 1546 712 1622 pastores
726 1546 801 1607 sunt
815 1561 930 1621 ornnes,
951 1544 1006 1608 scd
1018 1563 1097 1627 grec
1111 1563 1198 1609 unus
1212 1543 1396 1621 ostenditur,
1410 1543 1466 1624 qui
1479 1543 1520 1607 ab

380 1650 530 1730 apostdis
549 1652 696 1717 mnncius
709 1653 864 1719 unanimi
878 1654 1079 1720 consensione
1088 1659 1255 1736 pascatur.
1275 1652 1359 1718 itanc
1373 1658 1401 1718 ct
1417 1652 1519 1717 Ponti

380 1761 539 1826 undmem
558 1763 699 1843 quinon
718 1766 807 1842 tonet,
834 1767 936 1827 tenne
950 1781 982 1828 sc
994 1764 1089 1845 tidem
1111 1764 1236 1831 uadit?
1263 1763 1319 1844 qni
1339 1763 1520 1828 cathedram

380 1868 474 1936 Petri
498 1891 593 1953 super
617 1891 714 1953 qnam
738 1872 880 1955 fundata
905 1872 1033 1938 matuta
1058 1877 1103 1940 cst
1128 1873 1251 1953 descrit,
1276 1873 1313 1937 in
1340 1873 1466 1939 ccclesia
1491 1891 1522 1937 sc

381 2000 444 2047 esse
473 1982 628 2064 confidit?
657 2003 695 2049 en
724 1983 927 2048 manifestum
956 1984 1087 2049 alterius
1117 1983 1303 2050 recensionis
1333 1985 1520 2064 exemplum,

384 2110 479 2173 quarn
501 2092 554 2176 qui
577 2093 726 2158 confinxit
740 2093 773 2159 in
788 2094 892 2159 locum
908 2095 1061 2179 genuinae
1076 2096 1248 2161 sententiae
1262 2095 1368 2176 reponi
1384 2094 1519 2159 uoluisse

383 2203 553 2268 censendus
575 2205 640 2280 est;
666 2223 739 2270 nam
760 2222 821 2269 non
841 2204 965 2288 poterat
985 2222 1046 2269 non
1067 2223 1242 2289 expungere
1256 2223 1335 2288 quae
1349 2204 1520 2286 interpela-

384 2311 504 2377 tionem
527 2314 701 2395 proderent
725 2315 822 2380 immo
845 2315 944 2398 ipsius
968 2315 1129 2381 doctrinae
1152 2317 1371 2399 repugnarent.
1386 2305 1451 2380 'sed
1465 2315 1521 2380 ille

383 2421 439 2502 qui
466 2422 605 2488 codicem
632 2443 668 2489 ex
689 2441 750 2506 quo
765 2424 800 2487 M
823 2422 898 2504 etQ
921 2424 982 2489 orti
1008 2428 1083 2490 sunt
1108 2425 1333 2491 additamentis
1359 2423 1518 2501 instruxit,

381 2531 514 2597 alteram
536 2533 746 2599 recensionem
759 2534 917 2619 integram
931 2537 1003 2618 post
1019 2535 1179 2618 scriptoris
1194 2536 1292 2602 uerba
1306 2553 1401 2615 super
1414 2554 1519 2599 unum

382 2642 531 2724 aedificat
555 2643 717 2709 molosiam
741 2646 859 2727 recepit
880 2647 913 2710 in
936 2647 1021 2711 calce
1047 2646 1152 2712 uerbis
1177 2647 1278 2713 isdem
1303 2664 1398 2725 super
1420 2665 1521 2710 unum

381 2752 531 2834 acdificat
551 2752 713 2818 ecclesiam
734 2752 875 2832 adiectis,
898 2755 1012 2837 quibus
1033 2754 1223 2836 interpolata
1243 2757 1276 2819 et
1296 2755 1430 2838 genuina
1449 2771 1520 2818 con·

381 2862 620 2929 sarcinarentur.
636 2864 770 2930 alterum
784 2862 1035 2930 additamentum
1050 2864 1153 2929 maius
1167 2864 1201 2929 in
1216 2865 1283 2948 ipso
1298 2863 1389 2929 initio
1404 2863 1519 2929 codicis

380 2972 545 3056 reperitur.
576 2973 729 3055 epistulae
758 2975 844 3040 euim
870 2975 925 3040 Ad
946 2974 1115 3040 Donatum
1134 2975 1170 3039 M
1196 2977 1229 3040 et
1255 2972 1283 3053 Q
1311 2975 1519 3056 praemittunt

382 3083 566 3166 epistolium
585 3085 667 3150 illud
687 3084 838 3150 ficticium
852 3085 978 3151 Donati
993 3085 1038 3150 ad
1054 3084 1256 3167 Cypriorum
1278 3083 1358 3165 quod
1375 3083 1518 3166 epistulis

382 3194 499 3276 spuriis
513 3195 547 3260 in
561 3194 743 3278 appendice
765 3193 857 3260 huius
882 3195 1029 3261 editionis
1051 3199 1094 3279 (p.
1107 3195 1216 3276 2723)
1237 3196 1346 3261 adieci.
1371 3196 1424 3259 sed
1445 3194 1520 3259 haec

382 3305 565 3370 conectoris
587 3322 699 3371 manus
722 3323 800 3386 quae
814 3305 846 3370 in
862 3305 1012 3370 addendis
1035 3305 1166 3371 uocibus
1189 3306 1356 3371 mauffesta
1378 3306 1517 3385 apparet,

381 3414 486 3481 nescio
498 3433 538 3480 au
551 3415 659 3480 eadem
671 3419 704 3488 iu
714 3414 896 3481 omittendis
907 3418 1105 3497 agnoscatur,
1119 3416 1207 3481 uelut
1217 3436 1248 3499 p.
1258 3416 1374 3492 clam
1385 3415 1518 3491 516,11;

382 3525 516 3604 632,25;
540 3525 672 3606 638,24;
696 3526 822 3609 elane
844 3544 943 3609 neque
963 3545 1039 3611 pero
1062 3526 1250 3593 coniecturis
1265 3544 1301 3591 ea
1314 3543 1438 3609 prorsus
1462 3525 1518 3590 ab·

381 3635 507 3715 stinuit,
533 3635 588 3700 sed
612 3637 741 3700 conatus
767 3635 909 3718 plerique
935 3637 1046 3702 rudem
1068 3635 1239 3702 admodum
1262 3638 1361 3701 artem
1383 3635 1519 3718 produnt

381 3743 436 3833 (cf.
458 3746 592 3825 214243
613 3746 726 3825 224‚2;
747 3745 860 3826 226,5;
882 3746 1100 3831 22'l‚11sqq.;
1121 3747 1255 3829 477‚1l;
1276 3747 1388 3826 496,4;
1404 3746 1519 3826 500‚5;

380 3857 625 3938 508,19;518‚7
639 3884 680 3915 =
692 3856 804 3934 668,6;
818 3857 932 3940 619,2;
948 3857 1233 3941 627,16;630,19;
1249 3858 1381 3938 Ἱο2,13;
1398 3860 1517 3943 loni).

381 3968 487 4032 omnia
497 3985 570 4033 uero
578 3967 612 4033 id
621 3987 718 4052 genus
726 3965 1203 4051 longefrequsntiorainlibellis
1213 3968 1415 4034 obseruantur
1425 3989 1519 4053 quam

381 4079 417 4143 iu
431 4079 587 4163 epistulis,
609 4098 704 4162 quare
719 4078 753 4143 in
769 4096 875 4143 eorum
896 4077 969 4144 crisi
991 4098 1064 4145 cum
1078 4081 1176 4144 testes
1190 4079 1407 4164 integerrimos
1422 4080 1518 4145 habe·

236 4205 243 4229 ·
381 4206 458 4268 rem,
473 4189 541 4254 iure
555 4207 606 4254 me
620 4189 656 4253 M
671 4191 704 4255 et
718 4185 746 4266 Q
760 4188 931 4272 neglexisse
946 4189 1090 4255 arbitror.
1107 4189 1168 4254 nisi
1183 4190 1359 4256 coniectura
1374 4191 1519 4256 audacior
