3720 4920
348 369 390 431 54
821 364 1005 433 Appendix.

351 523 482 580 auctores
504 520 632 580 oonuerti
647 536 703 581 non
723 520 866 596 trepidat:
889 539 961 596 quos
982 524 1124 583 Iohannes
1140 523 1325 583 antichristos
1341 522 1480 597 appellat,

350 639 423 696 qnos
448 621 627 696 euangelista
651 622 744 696 paleis
766 624 886 693 similat,
912 641 984 697 quos
999 625 1138 685 Dominus
1152 625 1284 684 christus
1300 625 1379 683 iures
1392 628 1422 684 et
1435 623 1481 684 la·

351 726 448 785 tronea
470 719 613 804 designat,
642 725 717 784 siout
736 725 844 799 ipsein
870 726 1021 799 euangelio
1037 727 1164 787 declarat
1178 727 1290 786 diesne:
1314 727 1398 800 quia
1418 727 1480 800 oui

350 844 418 887 non
441 827 593 886 introiit
615 845 677 902 per
699 829 832 887 ostium
855 827 891 886 in
914 830 1075 888 chortem
1098 830 1233 900 oniam,
1256 830 1480 889 saddesoen·

350 928 406 987 dit
433 945 495 1003 per
524 928 678 988 alteram
706 933 860 1003 partem,
894 928 962 988 ille
992 931 1052 989 fur
1081 934 1117 990 et
1137 932 1236 989 latro
1259 934 1323 989 est.
1354 931 1424 989 item
1447 931 1499 990 ine

350 1031 449 1091 eodem
471 1047 583 1116 quoqne
604 1031 662 1090 ait:
698 1049 817 1092 amnas
847 1032 910 1106 qni
936 1037 1119 1093 nonerunt
1140 1034 1242 1092 iures
1263 1036 1350 1091 sunt
1372 1035 1408 1092 et
1428 1032 1480 1092 la·

349 1135 484 1193 trones.
510 1133 558 1206 qui
573 1133 623 1192 isti
638 1138 715 1204 sunt,
731 1133 786 1192 nisi
801 1136 961 1193 desertores
976 1129 1043 1194 fidei
1057 1137 1088 1193 et
1102 1139 1329 1208 transgressores
1343 1133 1481 1194 ecelesiae

349 1234 418 1307 Dei,
452 1235 501 1308 qni
527 1237 626 1295 eontra
650 1236 856 1296 ordinationem
882 1235 936 1295 Dei
962 1236 1114 1295 nituntur?
1137 1254 1208 1310 quos
1233 1235 1335 1295 merito
1360 1234 1481 1308 spiritns

350 1341 468 1397 sanetus
482 1353 533 1410 per
547 1339 713 1411 prophetam
733 1339 861 1412 increpat
880 1340 992 1397 disens:
1016 1339 1169 1398 ieoistis
1190 1338 1390 1396 eonsilium
1410 1353 1480 1397 non

350 1455 414 1511 por
435 1456 500 1512 me,
534 1441 570 1497 et
599 1439 865 1511 cogitationem
887 1456 956 1498 non
978 1456 1041 1511 per
1064 1439 1239 1512 spiritum
1261 1456 1388 1510 meum,
1421 1439 1515 1497 ead-ro

351 1539 448 1599 inere
471 1542 624 1612 peooata
645 1557 754 1614 super
774 1543 934 1614 peoosta.
967 1542 1036 1615 qnid
1058 1543 1094 1601 ad
1116 1542 1174 1600 ieta
1202 1541 1390 1612 respondeant
1414 1557 1480 1613 por-

352 1642 509 1701 usrsissimi
526 1642 576 1700 isti
597 1642 752 1702 Nouatiani
767 1643 814 1702 nel
831 1660 906 1701 nuno
921 1644 1114 1703 infelicissimi
1128 1645 1229 1716 pauoi:
1253 1644 1302 1715 qni
1317 1643 1354 1702 ad
1369 1645 1479 1702 tantam

352 1743 458 1802 furoris
484 1743 656 1803 dementiam
681 1747 873 1817 proruperunt
887 1746 921 1802 nt
936 1760 988 1804 neo
1002 1745 1062 1804 Deo
1077 1761 1129 1804 neo
1158 1744 1263 1805 homini
1289 1744 1480 1804 reuerentiam

351 1846 525 1906 habuerint?
549 1845 610 1903 illio
624 1844 793 1917 inpudenter
808 1850 836 1905 et
852 1846 914 1904 sine
929 1846 990 1904 nlla
1004 1845 1193 1905 ordinationis
1214 1841 1278 1917 lege
1300 1846 1479 1919 episcopatus

351 1948 506 2019 adpetitur,
530 1946 578 2005 hio
598 1948 665 2005 dum
688 1947 812 2021 propriis
833 1947 950 2006 sedibus
966 1951 995 2006 et
1010 1948 1162 2006 cathedrae
1178 1946 1234 2006 sibi
1248 1947 1371 2006 traditae
1387 1965 1405 2006 a
1419 1947 1479 2007 Deo
1490 1968 1515 2009 ro

350 2049 542 2110 renuntiatur.
576 2048 637 2108 illio
663 2051 785 2108 ueritas:
816 2052 1065 2122 aspernantur
1086 2066 1154 2118 me,
1188 2051 1227 2106 ut
1256 2048 1479 2107 eaoriiioent

350 2150 440 2209 mihi
462 2166 526 2209 neo
548 2149 713 2209 offerunt
740 2150 950 2210 oblationes
985 2152 1135 2209 sanetas
1163 2148 1330 2208 filiorum
1358 2147 1478 2207 Israel

353 2267 421 2309 neo
443 2252 784 2311 aooeduntofferre
806 2255 1180 2320 sanctasanctorum,
1211 2250 1273 2307 ssd
1295 2250 1480 2323 aooipient

350 2350 588 2424 ignominiam
621 2367 719 2410 suam
753 2352 789 2411 in
822 2368 944 2411 errore
978 2369 1045 2425 qno
1079 2353 1310 2411 errauorunt.
1345 2350 1418 2409 satis
1440 2351 1480 2409 sit

350 2452 450 2526 paneis
476 2453 612 2525 probasse
639 2453 774 2527 quidnam
789 2454 858 2512 sint.
881 2455 978 2512 andito
999 2453 1099 2528 igitur,
1122 2453 1286 2522 Nouatiani,
1313 2453 1390 2525 apud
1405 2469 1515 2525 quoaeo

350 2554 509 2627 scripturae
524 2555 663 2614 caelestes
678 2555 814 2628 leguntur
828 2554 925 2629 potins
941 2572 1027 2628 qnam
1042 2555 1259 2628 intelleguntur,
1275 2554 1370 2626 palam
1392 2555 1480 2614 etiam

351 2687 392 2720 u
408 2656 432 2714 si
448 2672 503 2714 non
519 2656 735 2730 interpolentur.
758 2660 825 2715 eunt
840 2657 916 2714 enim
932 2660 1045 2715 nestrae
1061 2656 1226 2730 praeclusae
1247 2671 1329 2713 sures
1350 2659 1380 2713 et
1395 2655 1480 2714 eorda

350 2762 475 2829 caseata,
501 2758 551 2831 qui
571 2757 681 2816 nullum
697 2759 731 2816 de
752 2758 931 2832 spiritalibus
946 2776 980 2818 ao
995 2756 1171 2817 salntmibus
1186 2757 1302 2815 monitis
1316 2757 1410 2815 lumen
1426 2757 1478 2816 ad·

350 2860 477 2918 mittitis.
501 2858 693 2918 sioutEeaias
707 2860 764 2918 ait:
787 2860 978 2919 exoaeoati
1001 2861 1087 2918 sunt
1109 2859 1210 2917 serui
1233 2858 1305 2917 Dei.
1329 2861 1358 2917 et
1379 2858 1479 2918 merito

349 2961 503 3034 exoaeoati,
530 2961 598 3034 qnia
622 2961 757 3021 uoluntas
784 2961 1029 3020 schismaticorum
1056 2979 1112 3020 non
1139 2963 1184 3018 est
1205 2961 1234 3017 in
1257 2960 1321 3031 lege
1345 2976 1417 3033 qnae
1432 2956 1514 3019 lene

349 3080 435 3121 unum
451 3062 535 3122 nobis
550 3067 579 3122 et
593 3061 768 3136 singularem
783 3063 916 3136 deamat
930 3063 1090 3134 eeclesiam,
1107 3061 1201 3120 inille
1215 3061 1324 3118 seilicet
1339 3077 1410 3132 qnae
1425 3060 1480 3119 sub

451 3276 1479 3341 sumnenmeommsmmmmm

348 3360 675 3437 mumdum
777 3361 993 3425 mmmm

420 3547 613 3602 lanteoristos
632 3546 662 3600 K
741 3547 873 3616 ipasleie
891 3547 1003 3601 simulat
1021 3548 1079 3601 Kl
1098 3563 1166 3602 erae
1245 3548 1399 3602 4hostinm
1416 3548 1448 3602 K

349 3634 442 3689 ohorte
454 3633 492 3696 K,
504 3632 574 3687 onile
587 3632 667 3687 zoae
717 3633 969 3701 domnusquiKe.
983 3633 1000 3688 1.
1014 3636 1081 3686 nat
1134 3633 1290 3701 'tnisi1non
1303 3633 1354 3686 Er.
1392 3635 1480 3687 trans

350 3719 492 3788 pressores]
510 3717 657 3772 desertores
675 3718 708 3773 K
773 3721 807 3774 10
824 3719 1017 3788 cogitationem
1036 3720 1073 3783 K,
1091 3721 1292 3774 conuentionem
1304 3719 1447 3774 Pometiae

350 3804 385 3857 12
396 3804 454 3874 isti]
467 3802 578 3857 instiK
644 3802 826 3858 infelicissime
840 3805 978 3858 Costeer'eee
1049 3805 1081 3858 13
1093 3803 1305 3873 proruperintK
1371 3806 1405 3858 15
1416 3805 1480 3860 dum

350 3889 388 3955 K,
407 3892 532 3944 autema
646 3888 682 3944 16
699 3892 874 3959 aspernentur
892 3889 944 3959 me]
962 3889 1238 3959 pernonteadmo
1256 3889 1289 3943 K
1399 3891 1481 3946 meri·

349 3976 427 4031 fleam
445 3975 478 4028 K
591 3976 624 4029 19
641 3975 790 4043 ignominia
807 3991 856 4030 sua
874 3975 906 4029 K
1023 3976 1058 4031 20
1076 3975 1212 4044 quidnam]
1231 3974 1295 4043 quid
1313 3991 1364 4029 non
1383 3976 1415 4030 K

348 4061 384 4117 21
402 4062 493 4130 palam
510 4061 619 4128 scripsi,
636 4075 728 4129 param
746 4061 782 4125 K,
801 4076 930 4130 paramo
1010 4061 1118 4115 etiamsi
1136 4061 1173 4126 K,
1191 4061 1249 4114 sio
1345 4061 1380 4114 22
1397 4061 1481 4116 inter·

347 4146 488 4216 poliantur
501 4145 535 4199 K
542 4146 608 4210 Em
620 4144 684 4212 fort.
698 4147 837 4215 poliuntur
848 4147 871 4199 si
882 4162 935 4200 non
948 4147 1158 4215 interpoliantur
1261 4150 1348 4200 uestro
1361 4163 1395 4201 ex
1407 4151 1482 4202 ueste

350 4232 383 4285 K
389 4237 453 4287 Μ
523 4231 736 4286 ddexoeeiatiK
802 4233 838 4286 25
849 4232 1067 4287 schimatieorum
1078 4232 1111 4286 K
1119 4234 1223 4287 uteolet
1294 4231 1449 4300 dailegeK
