3720 4920
638 318 684 373 De
701 317 955 388 singularitate
972 317 1173 373 clericerum
1191 331 1213 370 e.
1233 316 1257 370 1.
1449 314 1513 383 173

378 476 567 537 uobiscum
595 494 670 536 sum
699 475 868 536 omuibus
896 477 1026 537 diebus
1053 494 1166 551 usquc
1193 475 1237 535 ad
1259 471 1513 535 consummati·

379 596 481 639 ouem
503 581 654 640 saeculi.
678 597 735 640 non
751 579 852 639 fiamus
868 598 936 655 ergo
951 580 1014 641 siue
1030 580 1145 641 christo
1161 580 1191 639 iu
1204 581 1260 639 hoc
1274 582 1402 653 tempore
1417 579 1514 637 trans·

378 681 474 755 iterio,
490 699 526 741 ne
541 682 603 741 siue
617 682 701 741 nobis
716 682 850 741 Christus
865 700 928 742 csse
944 683 1065 758 incipiat
1079 683 1110 742 iu
1124 682 1231 743 futuro.

845 990 1047 1004 ⁸*—

399 1405 516 1502 XIH.
548 1405 621 1502 DE
655 1403 1099 1503 SINGVLARPPATD
1133 1405 1493 1503 OLDRIOORVM.

844 1653 1051 1663 .--—--.

356 1917 368 1955 s
421 1874 617 1956 Promiseram
633 1898 747 1971 quidem
770 1897 852 1956 uobis
872 1901 939 1957 aute
960 1899 1074 1970 tempus
1094 1896 1262 1970 epistelam,
1283 1896 1337 1955 tilii
1358 1894 1542 1967 carissimi‚l

378 2016 450 2071 quae
466 2000 592 2058 omnium
612 2017 721 2058 morum
735 1999 871 2058 instituta
886 2001 921 2059 de
944 1999 1009 2072 lege
1024 2001 1226 2058 commendans
1242 1998 1404 2057 summatim
1420 1998 1517 2057 omnia

377 2100 536 2158 contineret
551 2118 743 2173 quaecumque
769 2100 911 2159 uniuersis
937 2101 1050 2160 clericis
1079 2101 1253 2174 generaliter
1274 2103 1311 2159 ed
1337 2099 1516 2173 dirigendam

378 2203 508 2274 regulam
521 2204 684 2274 competunt
695 2203 872 2274 disciplinae.
886 2205 935 2261 sed
949 2203 1017 2275 quia
1028 2220 1103 2261 nunc
1115 2204 1285 2262 feminarum
1296 2203 1516 2263 commoratione

378 2303 540 2377 uulgariter
554 2304 628 2362 inter
644 2320 695 2362 uos
710 2305 825 2376 quidam
839 2304 1013 2376 ignominiae
1025 2303 1154 2363 deuoluti
1168 2307 1246 2375 suut,
1263 2304 1349 2363 etiam
1364 2307 1399 2363 de
1414 2305 1515 2363 haere

344 2432 369 2469 re
380 2407 545 2479 specialiter
570 2407 652 2466 uobis
681 2406 796 2465 Domini
822 2407 998 2479 correptione
1024 2408 1149 2466 seribere
1176 2408 1338 2480 compulsus
1364 2424 1442 2466 sum:
1466 2405 1516 2480 qui

378 2508 514 2567 miserum
535 2525 580 2566 me
602 2525 654 2581 pro
677 2510 775 2567 uestra
796 2508 979 2581 neglegentia
995 2525 1059 2567 cum
1075 2510 1230 2566 seueritate
1246 2509 1418 2566 conueniens
1433 2526 1514 2566 man·

378 2610 446 2669 dare
461 2610 622 2682 praecepit,
645 2625 681 2666 ne
706 2610 803 2668 clerici
828 2628 892 2668 cum
907 2610 1022 2669 feminis
1049 2613 1268 2668 commorentur.
1293 2612 1323 2668 ct
1348 2610 1420 2667 licet
1445 2610 1517 2668 haec

379 2712 535 2770 admonitio
551 2712 614 2771 sola
627 2712 788 2770 litterarum
803 2729 929 2772 mearum
944 2713 1116 2771 auctoritate
1132 2713 1285 2782 sufficeret,
1308 2715 1403 2770 tamen
1419 2730 1454 2770 ne
1469 2728 1514 2769 me

378 2815 579 2873 somniatorem
612 2813 736 2873 inrideat
767 2814 934 2887 quisquam,
973 2815 1049 2873 sicut
1078 2816 1184 2886 Ioseph
1210 2817 1316 2873 iratres
1349 2814 1516 2883 inrissrunt,

344 2915 585 2989 rescriptumrum
609 2915 740 2975 addimus
764 2915 943 2989 firmitatem,
970 2917 1004 2975 ut
1026 2933 1124 2977 omncs
1145 2917 1238 2976 sciant
1259 2919 1312 2976 hoc
1332 2918 1419 2976 etiam
1434 2918 1517 2976 modo

378 3034 429 3090 por
444 3018 648 3076 reuelationem
664 3018 814 3077 Dominum
830 3018 943 3089 iubere,
968 3020 1044 3091 quod
1059 3019 1168 3077 litteris
1180 3019 1360 3092 cognoscitur
1375 3022 1441 3077 aute
1456 3019 1516 3077 ius·

378 3119 467 3192 sisse,
491 3137 543 3179 nec
563 3137 616 3179 uos
636 3137 700 3180 esse
715 3120 912 3180 adulterantes
934 3121 1053 3180 uerbum
1068 3121 1182 3180 Domini
1197 3124 1248 3179 aut
1261 3122 1391 3180 uolentes
1405 3121 1517 3180 iactan-

378 3224 424 3280 ter
445 3223 479 3281 do
495 3222 718 3281 reuelationibus
734 3222 870 3295 gloriari,
896 3225 947 3281 sed
968 3223 1010 3280 sio
1025 3226 1092 3282 ante
1108 3226 1290 3296 conspectum
1305 3223 1418 3282 Domini
1439 3224 1515 3281 rofe-

381 3325 468 3383 rendo
483 3342 539 3383 non
555 3324 671 3383 mentiri
686 3325 762 3398 quod
776 3326 934 3398 loquimur:
951 3325 1027 3384 sieut
1042 3343 1060 3384 a
1074 3325 1194 3384 Domino
1209 3325 1376 3384 confidimus
1391 3341 1443 3384 nos
1459 3342 1514 3385 nou

449 3607 581 3660 dilamus
599 3608 672 3677 ergo]
691 3607 775 3661 simus
794 3608 886 3675 itaque
906 3608 944 3671 X,
963 3608 1057 3676 itaquo
1076 3607 1162 3661 simus
1180 3625 1204 3662 o.
1224 3637 1256 3646 -
1274 3606 1394 3676 Explicit
1412 3607 1444 3661 dc
1462 3607 1517 3660 XII

316 3712 320 3722 ·
380 3692 503 3745 abusiuis
522 3693 623 3745 saeculi
644 3693 676 3754 G,
700 3692 819 3760 Explicit
837 3679 875 3746 sci
899 3680 945 3746 ie‘h
965 3691 1144 3748 chrisostomi
1162 3709 1192 3745 ex
1210 3693 1328 3761 epistula
1345 3693 1418 3746 beati
1437 3691 1517 3746 Pauli

380 3778 497 3845 apostoli
516 3777 550 3830 ad
568 3778 716 3831 corinthios
734 3778 822 3846 prima
840 3781 900 3844 (sic)
920 3778 958 3842 Χ,
977 3795 1027 3832 om.
1054 3779 1084 3832 V.
1104 3809 1137 3817 -

449 3862 553 3932 Incipit
570 3861 603 3916 de
621 3863 813 3932 singularitate
837 3863 994 3919 clericorum
1020 3863 1152 3934 (cypriani
1177 3865 1242 3920 add.
1262 3881 1333 3918 suun.
1352 3866 1416 3935 ree.)
1435 3863 1465 3919 O.
1484 3893 1517 3902 -

380 3948 592 4016 5promiseram
616 3948 644 4011 O,
664 3948 838 4004 emiseramu
965 3951 1092 4003 6omnia
1109 3951 1193 4003 etiam
1210 3970 1228 4005 o
1353 3950 1421 4005 8de
1440 3950 1517 4003 semi-

379 4049 476 4087 narum
494 4052 511 4088 υ
661 4035 678 4087 9
696 4035 861 4102 ignominiae
879 4035 908 4098 0,
927 4034 962 4088 ad
980 4035 1160 4104 ignominiam
1179 4037 1248 4090 coni.
1270 4035 1420 4096 Pometios,
1439 4035 1518 4103 iguo·

381 4120 496 4173 miniose
514 4121 584 4174 cent
604 4121 741 4174 Erasmus
856 4122 891 4174 10
908 4120 1024 4175 scribere
1042 4137 1092 4174 om.
1117 4122 1140 4177 O
1255 4123 1287 4174 11
1305 4120 1466 4175 conueniens
1488 4119 1519 4183 O,

380 4206 528 4274 corripiens
545 4222 563 4259 o
667 4207 701 4259 13
718 4222 761 4260 me
778 4221 829 4260 om.
853 4208 876 4261 0
979 4207 1013 4260 14
1030 4207 1119 4260 rideat
1138 4206 1162 4260 0
