<?xml version="1.0" encoding="UTF-8"?>
<!DOCTYPE html PUBLIC "-//W3C//DTD XHTML 1.0 Transitional//EN"
    "http://www.w3.org/TR/xhtml1/DTD/xhtml1-transitional.dtd">
<html xmlns="http://www.w3.org/1999/xhtml" xml:lang="en" lang="en">
 <head>
  <title>
</title>
<meta http-equiv="Content-Type" content="text/html;charset=utf-8" />
  <meta name='ocr-system' content='tesseract 3.04.00' />
  <meta name='ocr-capabilities' content='ocr_page ocr_carea ocr_par ocr_line ocrx_word'/>
</head>
<body>
  <div class='ocr_page' id='page_1' title='image "./sthascicaecilic00cyprgoog_0267.png"; bbox 0 0 3720 4920; ppageno 0'>
   <div class='ocr_carea' id='block_1_1' title="bbox 377 329 1030 399">
    <p class='ocr_par' dir='ltr' id='par_1_1' title="bbox 377 329 1030 399">
     <span class='ocr_line' id='line_1_1' title="bbox 377 329 1030 399; baseline -0.005 -14"><span class='ocrx_word' id='word_1_1' title='bbox 377 333 438 396; x_wconf 73' lang='grc'>136</span> <span class='ocrx_word' id='word_1_2' title='bbox 846 329 1030 399; x_wconf 68' lang='lat' dir='ltr'>appendix.</span> 
     </span>
    </p>
   </div>
   <div class='ocr_carea' id='block_1_2' title="bbox 282 487 1545 2801">
    <p class='ocr_par' dir='ltr' id='par_1_2' title="bbox 372 487 1544 1679">
     <span class='ocr_line' id='line_1_2' title="bbox 373 487 1503 563; baseline -0.001 -17"><span class='ocrx_word' id='word_1_3' title='bbox 373 489 462 548; x_wconf 81' lang='lat' dir='ltr'>tostos</span> <span class='ocrx_word' id='word_1_4' title='bbox 483 487 597 546; x_wconf 86' lang='lat' dir='ltr'><strong>Domini</strong></span> <span class='ocrx_word' id='word_1_5' title='bbox 619 488 850 563; x_wconf 82' lang='lat' dir='ltr'>inpugnauorunt</span> <span class='ocrx_word' id='word_1_6' title='bbox 875 490 925 546; x_wconf 91' lang='lat' dir='ltr'>sod</span> <span class='ocrx_word' id='word_1_7' title='bbox 948 492 978 547; x_wconf 90' lang='lat' dir='ltr'>et</span> <span class='ocrx_word' id='word_1_8' title='bbox 998 489 1093 561; x_wconf 89' lang='lat' dir='ltr'>ipsum</span> <span class='ocrx_word' id='word_1_9' title='bbox 1109 489 1258 548; x_wconf 83' lang='lat' dir='ltr'>Dominum</span> <span class='ocrx_word' id='word_1_10' title='bbox 1285 488 1385 561; x_wconf 83' lang='lat' dir='ltr'>perfidi</span> <span class='ocrx_word' id='word_1_11' title='bbox 1399 487 1503 557; x_wconf 90' lang='lat' dir='ltr'>ooloni,</span> 
     </span>
     <span class='ocr_line' id='line_1_3' title="bbox 372 589 1502 664; baseline -0.001 -16"><span class='ocrx_word' id='word_1_12' title='bbox 372 590 571 649; x_wconf 88' lang='lat' dir='ltr'>ooutumoliam</span> <span class='ocrx_word' id='word_1_13' title='bbox 588 591 717 650; x_wconf 79' lang='lat' dir='ltr'>feserunt</span> <span class='ocrx_word' id='word_1_14' title='bbox 735 590 811 664; x_wconf 87' lang='lat' dir='ltr'>patri</span> <span class='ocrx_word' id='word_1_15' title='bbox 832 592 861 649; x_wconf 90' lang='lat' dir='ltr'>iu</span> <span class='ocrx_word' id='word_1_16' title='bbox 878 591 946 650; x_wconf 82' lang='lat' dir='ltr'>filio.</span> <span class='ocrx_word' id='word_1_17' title='bbox 970 592 1039 664; x_wconf 88' lang='lat' dir='ltr'>quid</span> <span class='ocrx_word' id='word_1_18' title='bbox 1054 592 1144 664; x_wconf 80' lang='lat' dir='ltr'>igitur</span> <span class='ocrx_word' id='word_1_19' title='bbox 1162 592 1242 664; x_wconf 83' lang='lat' dir='ltr'>digni</span> <span class='ocrx_word' id='word_1_20' title='bbox 1257 592 1374 649; x_wconf 82' lang='lat' dir='ltr'>fuorunt</span> <span class='ocrx_word' id='word_1_21' title='bbox 1389 590 1450 663; x_wconf 90' lang='lat' dir='ltr'>pati</span> <span class='ocrx_word' id='word_1_22' title='bbox 1466 589 1502 648; x_wconf 90' lang='lat' dir='ltr'>ob</span> 
     </span>
     <span class='ocr_line' id='line_1_4' title="bbox 373 690 1509 766; baseline 0.002 -18"><span class='ocrx_word' id='word_1_23' title='bbox 373 690 427 751; x_wconf 89' lang='lat' dir='ltr'>hoo</span> <span class='ocrx_word' id='word_1_24' title='bbox 447 692 625 751; x_wconf 80' lang='lat' dir='ltr'>admissum?</span> <span class='ocrx_word' id='word_1_25' title='bbox 652 693 762 752; x_wconf 88' lang='lat' dir='ltr'>soilioet</span> <span class='ocrx_word' id='word_1_26' title='bbox 783 693 879 765; x_wconf 79' lang='lat' dir='ltr'>iugari</span> <span class='ocrx_word' id='word_1_27' title='bbox 899 693 933 750; x_wconf 90' lang='lat' dir='ltr'>de</span> <span class='ocrx_word' id='word_1_28' title='bbox 949 709 1047 766; x_wconf 82' lang='lat' dir='ltr'>reguo,</span> <span class='ocrx_word' id='word_1_29' title='bbox 1074 693 1201 753; x_wconf 78' lang='lat' dir='ltr'>abdicari</span> <span class='ocrx_word' id='word_1_30' title='bbox 1216 692 1396 752; x_wconf 86' lang='lat' dir='ltr'>heroditate:</span> <span class='ocrx_word' id='word_1_31' title='bbox 1420 695 1450 750; x_wconf 89' lang='lat' dir='ltr'>et</span> <span class='ocrx_word' id='word_1_32' title='bbox 1465 692 1509 750; x_wconf 90' lang='lat' dir='ltr'>ita</span> 
     </span>
     <span class='ocr_line' id='line_1_5' title="bbox 374 791 1497 868; baseline 0.001 -18"><span class='ocrx_word' id='word_1_33' title='bbox 374 791 480 852; x_wconf 79' lang='lat' dir='ltr'>tastum</span> <span class='ocrx_word' id='word_1_34' title='bbox 496 798 542 852; x_wconf 90' lang='lat' dir='ltr'>est</span> <span class='ocrx_word' id='word_1_35' title='bbox 557 795 586 851; x_wconf 92' lang='lat' dir='ltr'>ot</span> <span class='ocrx_word' id='word_1_36' title='bbox 602 794 643 852; x_wconf 90' lang='lat' dir='ltr'>ita</span> <span class='ocrx_word' id='word_1_37' title='bbox 657 795 762 867; x_wconf 86' lang='lat' dir='ltr'>euenit,</span> <span class='ocrx_word' id='word_1_38' title='bbox 785 795 873 868; x_wconf 81' lang='lat' dir='ltr'>digna</span> <span class='ocrx_word' id='word_1_39' title='bbox 892 795 989 866; x_wconf 79' lang='lat' dir='ltr'>dignis</span> <span class='ocrx_word' id='word_1_40' title='bbox 1010 796 1184 868; x_wconf 83' lang='lat' dir='ltr'>optigorunt.</span> <span class='ocrx_word' id='word_1_41' title='bbox 1208 797 1290 867; x_wconf 88' lang='lat' dir='ltr'>pater</span> <span class='ocrx_word' id='word_1_42' title='bbox 1304 794 1380 852; x_wconf 91' lang='lat' dir='ltr'>enim</span> <span class='ocrx_word' id='word_1_43' title='bbox 1396 795 1497 852; x_wconf 84' lang='lat' dir='ltr'>eontu-</span> 
     </span>
     <span class='ocr_line' id='line_1_6' title="bbox 372 895 1528 971; baseline 0.002 -19"><span class='ocrx_word' id='word_1_44' title='bbox 372 895 474 954; x_wconf 87' lang='lat' dir='ltr'>melias</span> <span class='ocrx_word' id='word_1_45' title='bbox 489 913 590 970; x_wconf 87' lang='lat' dir='ltr'>passus</span> <span class='ocrx_word' id='word_1_46' title='bbox 605 897 635 954; x_wconf 91' lang='lat' dir='ltr'>in</span> <span class='ocrx_word' id='word_1_47' title='bbox 651 896 719 967; x_wconf 87' lang='lat' dir='ltr'>filio,</span> <span class='ocrx_word' id='word_1_48' title='bbox 747 895 825 956; x_wconf 84' lang='lat' dir='ltr'>filius</span> <span class='ocrx_word' id='word_1_49' title='bbox 840 913 992 971; x_wconf 89' lang='lat' dir='ltr'>perpessus</span> <span class='ocrx_word' id='word_1_50' title='bbox 1007 897 1037 955; x_wconf 92' lang='lat' dir='ltr'>in</span> <span class='ocrx_word' id='word_1_51' title='bbox 1052 897 1200 971; x_wconf 88' lang='lat' dir='ltr'>prophetis</span> <span class='ocrx_word' id='word_1_52' title='bbox 1216 900 1342 969; x_wconf 87' lang='lat' dir='ltr'>ternpore</span> <span class='ocrx_word' id='word_1_53' title='bbox 1365 914 1419 970; x_wconf 88' lang='lat' dir='ltr'>quo</span> <span class='ocrx_word' id='word_1_54' title='bbox 1435 913 1498 956; x_wconf 85' lang='lat' dir='ltr'>nro·</span> <span class='ocrx_word' id='word_1_55' title='bbox 1515 913 1528 954; x_wconf 80' lang='grc'>1</span> 
     </span>
     <span class='ocr_line' id='line_1_7' title="bbox 372 997 1499 1071; baseline 0.002 -17"><span class='ocrx_word' id='word_1_56' title='bbox 372 997 515 1056; x_wconf 87' lang='lat' dir='ltr'>risbatur:</span> <span class='ocrx_word' id='word_1_57' title='bbox 539 997 569 1055; x_wconf 90' lang='lat' dir='ltr'>in</span> <span class='ocrx_word' id='word_1_58' title='bbox 594 1015 645 1057; x_wconf 90' lang='lat' dir='ltr'>suo</span> <span class='ocrx_word' id='word_1_59' title='bbox 667 1002 792 1071; x_wconf 88' lang='lat' dir='ltr'>ternpore</span> <span class='ocrx_word' id='word_1_60' title='bbox 813 1001 928 1057; x_wconf 77' lang='lat' dir='ltr'>coaetus</span> <span class='ocrx_word' id='word_1_61' title='bbox 954 1002 999 1057; x_wconf 88' lang='lat' dir='ltr'>est</span> <span class='ocrx_word' id='word_1_62' title='bbox 1025 999 1220 1071; x_wconf 79' lang='lat' dir='ltr'>indignatione</span> <span class='ocrx_word' id='word_1_63' title='bbox 1246 998 1369 1057; x_wconf 83' lang='lat' dir='ltr'>seribere</span> <span class='ocrx_word' id='word_1_64' title='bbox 1393 1014 1499 1059; x_wconf 88' lang='lat' dir='ltr'>nouum</span> 
     </span>
     <span class='ocr_line' id='line_1_8' title="bbox 373 1099 1500 1174; baseline 0.001 -17"><span class='ocrx_word' id='word_1_65' title='bbox 373 1099 577 1158; x_wconf 85' lang='lat' dir='ltr'>testamentum</span> <span class='ocrx_word' id='word_1_66' title='bbox 602 1100 740 1158; x_wconf 77' lang='lat' dir='ltr'>adhibitis</span> <span class='ocrx_word' id='word_1_67' title='bbox 766 1099 891 1158; x_wconf 91' lang='lat' dir='ltr'>testibus</span> <span class='ocrx_word' id='word_1_68' title='bbox 917 1099 997 1159; x_wconf 85' lang='lat' dir='ltr'>eaelo</span> <span class='ocrx_word' id='word_1_69' title='bbox 1023 1103 1052 1158; x_wconf 91' lang='lat' dir='ltr'>ot</span> <span class='ocrx_word' id='word_1_70' title='bbox 1078 1103 1156 1159; x_wconf 83' lang='lat' dir='ltr'>terra</span> <span class='ocrx_word' id='word_1_71' title='bbox 1180 1103 1210 1157; x_wconf 91' lang='lat' dir='ltr'>ot</span> <span class='ocrx_word' id='word_1_72' title='bbox 1224 1099 1325 1174; x_wconf 79' lang='lat' dir='ltr'>angelo</span> <span class='ocrx_word' id='word_1_73' title='bbox 1341 1101 1376 1158; x_wconf 90' lang='lat' dir='ltr'>do</span> <span class='ocrx_word' id='word_1_74' title='bbox 1393 1099 1500 1172; x_wconf 89' lang='lat' dir='ltr'>templo</span> 
     </span>
     <span class='ocr_line' id='line_1_9' title="bbox 373 1199 1500 1274; baseline 0 -15"><span class='ocrx_word' id='word_1_75' title='bbox 373 1199 580 1260; x_wconf 73' lang='lat' dir='ltr'>adsistentibus</span> <span class='ocrx_word' id='word_1_76' title='bbox 596 1201 693 1274; x_wconf 80' lang='lat' dir='ltr'>Moyse</span> <span class='ocrx_word' id='word_1_77' title='bbox 707 1203 736 1259; x_wconf 88' lang='lat' dir='ltr'>et</span> <span class='ocrx_word' id='word_1_78' title='bbox 751 1201 845 1259; x_wconf 88' lang='lat' dir='ltr'>Helia.</span> <span class='ocrx_word' id='word_1_79' title='bbox 862 1202 915 1260; x_wconf 92' lang='lat' dir='ltr'>hos</span> <span class='ocrx_word' id='word_1_80' title='bbox 930 1201 1005 1260; x_wconf 86' lang='lat' dir='ltr'>onim</span> <span class='ocrx_word' id='word_1_81' title='bbox 1017 1204 1107 1261; x_wconf 89' lang='lat' dir='ltr'>testes</span> <span class='ocrx_word' id='word_1_82' title='bbox 1119 1201 1260 1274; x_wconf 84' lang='lat' dir='ltr'>adhibuit,</span> <span class='ocrx_word' id='word_1_83' title='bbox 1277 1202 1500 1273; x_wconf 81' lang='lat' dir='ltr'>compateretur</span> 
     </span>
     <span class='ocr_line' id='line_1_10' title="bbox 374 1300 1505 1377; baseline -0.001 -18"><span class='ocrx_word' id='word_1_84' title='bbox 374 1300 405 1359; x_wconf 93' lang='lat' dir='ltr'>iu</span> <span class='ocrx_word' id='word_1_85' title='bbox 430 1302 536 1361; x_wconf 87' lang='lat' dir='ltr'>Israel:</span> <span class='ocrx_word' id='word_1_86' title='bbox 559 1304 630 1363; x_wconf 90' lang='lat' dir='ltr'>haec</span> <span class='ocrx_word' id='word_1_87' title='bbox 656 1304 698 1362; x_wconf 84' lang='lat' dir='ltr'>ita</span> <span class='ocrx_word' id='word_1_88' title='bbox 723 1303 802 1362; x_wconf 88' lang='lat' dir='ltr'>faota</span> <span class='ocrx_word' id='word_1_89' title='bbox 821 1303 964 1376; x_wconf 80' lang='lat' dir='ltr'>praedixit</span> <span class='ocrx_word' id='word_1_90' title='bbox 985 1320 1037 1376; x_wconf 89' lang='lat' dir='ltr'>per</span> <span class='ocrx_word' id='word_1_91' title='bbox 1051 1305 1207 1377; x_wconf 82' lang='lat' dir='ltr'>prophotas</span> <span class='ocrx_word' id='word_1_92' title='bbox 1222 1305 1269 1363; x_wconf 92' lang='lat' dir='ltr'>his</span> <span class='ocrx_word' id='word_1_93' title='bbox 1283 1303 1394 1362; x_wconf 85' lang='lat' dir='ltr'>uerbis:</span> <span class='ocrx_word' id='word_1_94' title='bbox 1419 1301 1505 1361; x_wconf 89' lang='lat' dir='ltr'>audi</span> 
     </span>
     <span class='ocr_line' id='line_1_11' title="bbox 375 1404 1544 1478; baseline 0.002 -16"><span class='ocrx_word' id='word_1_95' title='bbox 375 1404 511 1463; x_wconf 87' lang='lat' dir='ltr'>caelum</span> <span class='ocrx_word' id='word_1_96' title='bbox 548 1407 585 1463; x_wconf 89' lang='lat' dir='ltr'>et</span> <span class='ocrx_word' id='word_1_97' title='bbox 619 1406 752 1478; x_wconf 87' lang='lat' dir='ltr'>praebe</span> <span class='ocrx_word' id='word_1_98' title='bbox 794 1422 913 1463; x_wconf 88' lang='lat' dir='ltr'>aurom</span> <span class='ocrx_word' id='word_1_99' title='bbox 950 1409 1072 1476; x_wconf 88' lang='lat' dir='ltr'>terra,</span> <span class='ocrx_word' id='word_1_100' title='bbox 1115 1405 1285 1478; x_wconf 88' lang='lat' dir='ltr'>quoniam</span> <span class='ocrx_word' id='word_1_101' title='bbox 1322 1404 1500 1463; x_wconf 89' lang='lat' dir='ltr'>Dominus</span> <span class='ocrx_word' id='word_1_102' title='bbox 1518 1425 1544 1464; x_wconf 89' lang='lat' dir='ltr'>ro</span> 
     </span>
     <span class='ocr_line' id='line_1_12' title="bbox 375 1503 1501 1579; baseline 0.003 -19"><span class='ocrx_word' id='word_1_103' title='bbox 375 1503 522 1564; x_wconf 82' lang='lat' dir='ltr'>loeutus</span> <span class='ocrx_word' id='word_1_104' title='bbox 549 1509 621 1565; x_wconf 92' lang='lat' dir='ltr'>est:</span> <span class='ocrx_word' id='word_1_105' title='bbox 651 1506 758 1565; x_wconf 80' lang='lat' dir='ltr'>filios</span> <span class='ocrx_word' id='word_1_106' title='bbox 786 1506 896 1578; x_wconf 79' lang='lat' dir='ltr'>genui</span> <span class='ocrx_word' id='word_1_107' title='bbox 927 1510 963 1565; x_wconf 90' lang='grc'>11</span> <span class='ocrx_word' id='word_1_108' title='bbox 992 1507 1173 1577; x_wconf 87' lang='lat' dir='ltr'>exaltaui,</span> <span class='ocrx_word' id='word_1_109' title='bbox 1202 1507 1275 1579; x_wconf 90' lang='lat' dir='ltr'>ipsi</span> <span class='ocrx_word' id='word_1_110' title='bbox 1303 1509 1420 1564; x_wconf 90' lang='lat' dir='ltr'>autem</span> <span class='ocrx_word' id='word_1_111' title='bbox 1450 1521 1501 1563; x_wconf 91' lang='lat' dir='ltr'>me</span> 
     </span>
     <span class='ocr_line' id='line_1_13' title="bbox 377 1606 681 1679; baseline 0.01 -16"><span class='ocrx_word' id='word_1_112' title='bbox 377 1606 681 1679; x_wconf 88' lang='lat' dir='ltr'>repudiaueruut.</span> 
     </span>
    </p>

    <p class='ocr_par' dir='ltr' id='par_1_3' title="bbox 282 1699 1545 2801">
     <span class='ocr_line' id='line_1_14' title="bbox 282 1699 1505 1770; baseline -0.002 0"><span class='ocrx_word' id='word_1_113' title='bbox 282 1766 284 1770; x_wconf 87' lang='lat'>.</span> <span class='ocrx_word' id='word_1_114' title='bbox 344 1703 364 1760; x_wconf 82' lang='lat'>4</span> <span class='ocrx_word' id='word_1_115' title='bbox 417 1709 479 1767; x_wconf 86' lang='lat' dir='ltr'>Has</span> <span class='ocrx_word' id='word_1_116' title='bbox 493 1726 577 1769; x_wconf 90' lang='lat' dir='ltr'>nooes</span> <span class='ocrx_word' id='word_1_117' title='bbox 593 1711 693 1768; x_wconf 77' lang='lat' dir='ltr'>offudit</span> <span class='ocrx_word' id='word_1_118' title='bbox 708 1710 846 1768; x_wconf 86' lang='lat' dir='ltr'>Dominus</span> <span class='ocrx_word' id='word_1_119' title='bbox 866 1709 897 1767; x_wconf 89' lang='lat' dir='ltr'>iu</span> <span class='ocrx_word' id='word_1_120' title='bbox 912 1709 1002 1768; x_wconf 86' lang='lat' dir='ltr'>Israel</span> <span class='ocrx_word' id='word_1_121' title='bbox 1018 1709 1179 1769; x_wconf 84' lang='lat' dir='ltr'>uooiiorans</span> <span class='ocrx_word' id='word_1_122' title='bbox 1194 1710 1311 1768; x_wconf 81' lang='lat' dir='ltr'>diosus:</span> <span class='ocrx_word' id='word_1_123' title='bbox 1333 1699 1397 1768; x_wconf 88' lang='lat' dir='ltr'>‘uos</span> <span class='ocrx_word' id='word_1_124' title='bbox 1412 1709 1505 1769; x_wconf 88' lang='lat' dir='ltr'>nolui·</span> 
     </span>
     <span class='ocr_line' id='line_1_15' title="bbox 373 1808 1502 1885; baseline 0 -18"><span class='ocrx_word' id='word_1_125' title='bbox 373 1808 437 1880; x_wconf 90' lang='lat' dir='ltr'>stis,</span> <span class='ocrx_word' id='word_1_126' title='bbox 453 1810 505 1867; x_wconf 90' lang='lat' dir='ltr'>alii</span> <span class='ocrx_word' id='word_1_127' title='bbox 519 1829 563 1869; x_wconf 92' lang='lat' dir='ltr'>me</span> <span class='ocrx_word' id='word_1_128' title='bbox 579 1813 717 1884; x_wconf 77' lang='lat' dir='ltr'>recipient</span> <span class='ocrx_word' id='word_1_129' title='bbox 731 1812 781 1885; x_wconf 91' lang='lat' dir='ltr'>qui</span> <span class='ocrx_word' id='word_1_130' title='bbox 797 1813 922 1870; x_wconf 91' lang='lat' dir='ltr'>nondum</span> <span class='ocrx_word' id='word_1_131' title='bbox 937 1828 990 1870; x_wconf 91' lang='lat' dir='ltr'>neo</span> <span class='ocrx_word' id='word_1_132' title='bbox 1005 1811 1178 1869; x_wconf 89' lang='lat' dir='ltr'>mentionem</span> <span class='ocrx_word' id='word_1_133' title='bbox 1193 1811 1250 1869; x_wconf 91' lang='lat' dir='ltr'>mei</span> <span class='ocrx_word' id='word_1_134' title='bbox 1266 1811 1426 1869; x_wconf 87' lang='lat' dir='ltr'>audierunt.</span> <span class='ocrx_word' id='word_1_135' title='bbox 1450 1826 1502 1869; x_wconf 93' lang='lat' dir='ltr'>uos</span> 
     </span>
     <span class='ocr_line' id='line_1_16' title="bbox 375 1913 1543 1987; baseline 0.002 -19"><span class='ocrx_word' id='word_1_136' title='bbox 375 1913 492 1985; x_wconf 85' lang='lat' dir='ltr'>nuptiae</span> <span class='ocrx_word' id='word_1_137' title='bbox 517 1931 594 1971; x_wconf 88' lang='lat' dir='ltr'>meas</span> <span class='ocrx_word' id='word_1_138' title='bbox 621 1914 783 1987; x_wconf 89' lang='lat' dir='ltr'>spreuistis,</span> <span class='ocrx_word' id='word_1_139' title='bbox 810 1913 861 1971; x_wconf 91' lang='lat' dir='ltr'>alii</span> <span class='ocrx_word' id='word_1_140' title='bbox 887 1913 970 1971; x_wconf 88' lang='lat' dir='ltr'>ibunt</span> <span class='ocrx_word' id='word_1_141' title='bbox 991 1914 1041 1985; x_wconf 92' lang='lat' dir='ltr'>qui</span> <span class='ocrx_word' id='word_1_142' title='bbox 1062 1931 1118 1970; x_wconf 94' lang='lat' dir='ltr'>non</span> <span class='ocrx_word' id='word_1_143' title='bbox 1135 1919 1202 1971; x_wconf 91' lang='lat' dir='ltr'>suut</span> <span class='ocrx_word' id='word_1_144' title='bbox 1217 1913 1320 1971; x_wconf 79' lang='lat' dir='ltr'>uocati.</span> <span class='ocrx_word' id='word_1_145' title='bbox 1344 1930 1394 1971; x_wconf 90' lang='lat' dir='ltr'>uos</span> <span class='ocrx_word' id='word_1_146' title='bbox 1410 1929 1503 1970; x_wconf 90' lang='lat' dir='ltr'>meum</span> <span class='ocrx_word' id='word_1_147' title='bbox 1516 1931 1543 1970; x_wconf 80' lang='grc'>11</span> 
     </span>
     <span class='ocr_line' id='line_1_17' title="bbox 375 2013 1503 2086; baseline -0.001 -15"><span class='ocrx_word' id='word_1_148' title='bbox 375 2031 424 2072; x_wconf 89' lang='lat' dir='ltr'>rus</span> <span class='ocrx_word' id='word_1_149' title='bbox 449 2017 479 2072; x_wconf 94' lang='lat' dir='ltr'>ot</span> <span class='ocrx_word' id='word_1_150' title='bbox 507 2016 620 2073; x_wconf 84' lang='lat' dir='ltr'>niueam</span> <span class='ocrx_word' id='word_1_151' title='bbox 645 2015 735 2074; x_wconf 90' lang='lat' dir='ltr'>oolero</span> <span class='ocrx_word' id='word_1_152' title='bbox 756 2014 922 2084; x_wconf 84' lang='lat' dir='ltr'>recusastis,</span> <span class='ocrx_word' id='word_1_153' title='bbox 950 2014 1025 2073; x_wconf 90' lang='lat' dir='ltr'>undo</span> <span class='ocrx_word' id='word_1_154' title='bbox 1046 2014 1158 2073; x_wconf 79' lang='lat' dir='ltr'>fruetus</span> <span class='ocrx_word' id='word_1_155' title='bbox 1173 2013 1301 2072; x_wconf 90' lang='lat' dir='ltr'>iustitiae</span> <span class='ocrx_word' id='word_1_156' title='bbox 1317 2013 1503 2086; x_wconf 87' lang='lat' dir='ltr'>proueniunt:</span> 
     </span>
     <span class='ocr_line' id='line_1_18' title="bbox 375 2106 1507 2190; baseline -0.001 -17"><span class='ocrx_word' id='word_1_157' title='bbox 375 2116 425 2174; x_wconf 88' lang='lat' dir='ltr'>alii</span> <span class='ocrx_word' id='word_1_158' title='bbox 451 2117 545 2176; x_wconf 90' lang='lat' dir='ltr'>ooleut</span> <span class='ocrx_word' id='word_1_159' title='bbox 560 2119 589 2175; x_wconf 90' lang='lat' dir='ltr'>et</span> <span class='ocrx_word' id='word_1_160' title='bbox 609 2117 719 2176; x_wconf 84' lang='lat' dir='ltr'>fruetus</span> <span class='ocrx_word' id='word_1_161' title='bbox 734 2116 846 2188; x_wconf 85' lang='lat' dir='ltr'>sapient</span> <span class='ocrx_word' id='word_1_162' title='bbox 860 2117 891 2173; x_wconf 93' lang='lat' dir='ltr'>iu</span> <span class='ocrx_word' id='word_1_163' title='bbox 905 2106 984 2174; x_wconf 90' lang='lat' dir='ltr'>Doo&#39;.</span> <span class='ocrx_word' id='word_1_164' title='bbox 1007 2133 1079 2190; x_wconf 88' lang='lat' dir='ltr'>quae</span> <span class='ocrx_word' id='word_1_165' title='bbox 1095 2118 1140 2174; x_wconf 91' lang='lat' dir='ltr'>est</span> <span class='ocrx_word' id='word_1_166' title='bbox 1154 2116 1213 2173; x_wconf 86' lang='lat' dir='ltr'>ista</span> <span class='ocrx_word' id='word_1_167' title='bbox 1227 2117 1286 2173; x_wconf 91' lang='lat' dir='ltr'>tam</span> <span class='ocrx_word' id='word_1_168' title='bbox 1301 2115 1364 2172; x_wconf 91' lang='lat' dir='ltr'>dira</span> <span class='ocrx_word' id='word_1_169' title='bbox 1378 2131 1459 2173; x_wconf 90' lang='lat' dir='ltr'>mous</span> <span class='ocrx_word' id='word_1_170' title='bbox 1477 2117 1507 2172; x_wconf 90' lang='lat' dir='ltr'>et</span> 
     </span>
     <span class='ocr_line' id='line_1_19' title="bbox 377 2216 1502 2291; baseline -0.001 -17"><span class='ocrx_word' id='word_1_171' title='bbox 377 2217 534 2275; x_wconf 76' lang='lat' dir='ltr'>execranda</span> <span class='ocrx_word' id='word_1_172' title='bbox 558 2217 715 2290; x_wconf 77' lang='lat' dir='ltr'>cogitatio?</span> <span class='ocrx_word' id='word_1_173' title='bbox 740 2217 898 2275; x_wconf 83' lang='lat' dir='ltr'>intordoore</span> <span class='ocrx_word' id='word_1_174' title='bbox 925 2234 993 2291; x_wconf 79' lang='lat' dir='ltr'>ergo</span> <span class='ocrx_word' id='word_1_175' title='bbox 1019 2216 1153 2290; x_wconf 90' lang='lat' dir='ltr'>potuistis</span> <span class='ocrx_word' id='word_1_176' title='bbox 1179 2232 1273 2289; x_wconf 82' lang='lat' dir='ltr'>rogem</span> <span class='ocrx_word' id='word_1_177' title='bbox 1300 2218 1330 2273; x_wconf 89' lang='grc'>11</span> <span class='ocrx_word' id='word_1_178' title='bbox 1344 2219 1502 2288; x_wconf 79' lang='lat' dir='ltr'>sponsum?</span> 
     </span>
     <span class='ocr_line' id='line_1_20' title="bbox 377 2315 1502 2393; baseline -0.001 -16"><span class='ocrx_word' id='word_1_179' title='bbox 377 2322 494 2392; x_wconf 90' lang='lat' dir='ltr'>propter</span> <span class='ocrx_word' id='word_1_180' title='bbox 515 2321 569 2378; x_wconf 88' lang='lat' dir='ltr'>hoo</span> <span class='ocrx_word' id='word_1_181' title='bbox 584 2320 666 2378; x_wconf 87' lang='lat' dir='ltr'>tostis</span> <span class='ocrx_word' id='word_1_182' title='bbox 681 2324 725 2378; x_wconf 89' lang='lat' dir='ltr'>est</span> <span class='ocrx_word' id='word_1_183' title='bbox 747 2318 857 2378; x_wconf 88' lang='lat' dir='ltr'>eaelum</span> <span class='ocrx_word' id='word_1_184' title='bbox 872 2321 902 2376; x_wconf 88' lang='lat' dir='ltr'>ot</span> <span class='ocrx_word' id='word_1_185' title='bbox 917 2322 994 2377; x_wconf 84' lang='lat' dir='ltr'>terra</span> <span class='ocrx_word' id='word_1_186' title='bbox 1009 2323 1039 2378; x_wconf 92' lang='lat' dir='ltr'>ot</span> <span class='ocrx_word' id='word_1_187' title='bbox 1053 2335 1126 2393; x_wconf 79' lang='lat' dir='ltr'>queo</span> <span class='ocrx_word' id='word_1_188' title='bbox 1142 2319 1171 2375; x_wconf 93' lang='lat' dir='ltr'>in</span> <span class='ocrx_word' id='word_1_189' title='bbox 1186 2318 1247 2375; x_wconf 87' lang='lat' dir='ltr'>iliis</span> <span class='ocrx_word' id='word_1_190' title='bbox 1262 2315 1332 2377; x_wconf 85' lang='lat' dir='ltr'>sunt</span> <span class='ocrx_word' id='word_1_191' title='bbox 1345 2317 1502 2376; x_wconf 84' lang='lat' dir='ltr'>elementa:</span> 
     </span>
     <span class='ocr_line' id='line_1_21' title="bbox 377 2419 1545 2493; baseline -0.003 -16"><span class='ocrx_word' id='word_1_192' title='bbox 377 2419 494 2493; x_wconf 87' lang='lat' dir='ltr'>iusuper</span> <span class='ocrx_word' id='word_1_193' title='bbox 519 2424 549 2479; x_wconf 91' lang='lat' dir='ltr'>et</span> <span class='ocrx_word' id='word_1_194' title='bbox 574 2422 664 2480; x_wconf 89' lang='lat' dir='ltr'>omnis</span> <span class='ocrx_word' id='word_1_195' title='bbox 690 2424 821 2481; x_wconf 83' lang='lat' dir='ltr'>ereatura</span> <span class='ocrx_word' id='word_1_196' title='bbox 845 2421 931 2481; x_wconf 89' lang='lat' dir='ltr'>testis</span> <span class='ocrx_word' id='word_1_197' title='bbox 951 2424 997 2480; x_wconf 88' lang='lat' dir='ltr'>est</span> <span class='ocrx_word' id='word_1_198' title='bbox 1019 2421 1049 2478; x_wconf 91' lang='lat' dir='ltr'>iu</span> <span class='ocrx_word' id='word_1_199' title='bbox 1074 2423 1192 2479; x_wconf 88' lang='lat' dir='ltr'>mortem</span> <span class='ocrx_word' id='word_1_200' title='bbox 1220 2419 1336 2479; x_wconf 83' lang='lat' dir='ltr'>Christi.</span> <span class='ocrx_word' id='word_1_201' title='bbox 1362 2437 1378 2478; x_wconf 95' lang='lat' dir='ltr'>o</span> <span class='ocrx_word' id='word_1_202' title='bbox 1401 2435 1503 2478; x_wconf 83' lang='lat' dir='ltr'>nouum</span> <span class='ocrx_word' id='word_1_203' title='bbox 1519 2434 1545 2473; x_wconf 84' lang='lat' dir='ltr'>so</span> 
     </span>
     <span class='ocr_line' id='line_1_22' title="bbox 374 2520 1502 2594; baseline 0 -16"><span class='ocrx_word' id='word_1_204' title='bbox 374 2520 583 2581; x_wconf 80' lang='lat' dir='ltr'>crudelitatem.</span> <span class='ocrx_word' id='word_1_205' title='bbox 619 2526 758 2582; x_wconf 79' lang='lat' dir='ltr'>commota</span> <span class='ocrx_word' id='word_1_206' title='bbox 792 2529 837 2582; x_wconf 90' lang='lat' dir='ltr'>ost</span> <span class='ocrx_word' id='word_1_207' title='bbox 866 2523 958 2583; x_wconf 88' lang='lat' dir='ltr'>omnis</span> <span class='ocrx_word' id='word_1_208' title='bbox 988 2522 1126 2580; x_wconf 83' lang='lat' dir='ltr'>natiuitas</span> <span class='ocrx_word' id='word_1_209' title='bbox 1157 2523 1187 2579; x_wconf 86' lang='lat' dir='ltr'>iu</span> <span class='ocrx_word' id='word_1_210' title='bbox 1215 2521 1329 2594; x_wconf 82' lang='lat' dir='ltr'>Domini</span> <span class='ocrx_word' id='word_1_211' title='bbox 1359 2520 1502 2592; x_wconf 82' lang='lat' dir='ltr'>passione,</span> 
     </span>
     <span class='ocr_line' id='line_1_23' title="bbox 374 2623 1499 2699; baseline -0.003 -17"><span class='ocrx_word' id='word_1_212' title='bbox 374 2624 496 2696; x_wconf 86' lang='lat' dir='ltr'>popolus</span> <span class='ocrx_word' id='word_1_213' title='bbox 511 2624 617 2683; x_wconf 87' lang='lat' dir='ltr'>mansit</span> <span class='ocrx_word' id='word_1_214' title='bbox 638 2625 782 2684; x_wconf 88' lang='lat' dir='ltr'>inmobilis</span> <span class='ocrx_word' id='word_1_215' title='bbox 806 2626 868 2685; x_wconf 87' lang='lat' dir='ltr'>sino</span> <span class='ocrx_word' id='word_1_216' title='bbox 883 2625 1090 2699; x_wconf 85' lang='lat' dir='ltr'>trepidatione:</span> <span class='ocrx_word' id='word_1_217' title='bbox 1114 2623 1233 2698; x_wconf 83' lang='lat' dir='ltr'>angelus</span> <span class='ocrx_word' id='word_1_218' title='bbox 1248 2625 1276 2682; x_wconf 91' lang='lat' dir='ltr'>in</span> <span class='ocrx_word' id='word_1_219' title='bbox 1293 2623 1499 2697; x_wconf 88' lang='lat' dir='ltr'>paenitentiam</span> 
     </span>
     <span class='ocr_line' id='line_1_24' title="bbox 374 2726 1503 2801; baseline 0 -18"><span class='ocrx_word' id='word_1_220' title='bbox 374 2726 516 2784; x_wconf 87' lang='lat' dir='ltr'>oonsoiseo</span> <span class='ocrx_word' id='word_1_221' title='bbox 527 2726 668 2785; x_wconf 89' lang='lat' dir='ltr'>uelamine</span> <span class='ocrx_word' id='word_1_222' title='bbox 683 2727 799 2801; x_wconf 81' lang='lat' dir='ltr'>refugit,</span> <span class='ocrx_word' id='word_1_223' title='bbox 816 2729 897 2801; x_wconf 88' lang='lat' dir='ltr'>plebe</span> <span class='ocrx_word' id='word_1_224' title='bbox 911 2728 973 2785; x_wconf 91' lang='lat' dir='ltr'>sine</span> <span class='ocrx_word' id='word_1_225' title='bbox 988 2744 1093 2799; x_wconf 87' lang='lat' dir='ltr'>pauore</span> <span class='ocrx_word' id='word_1_226' title='bbox 1105 2727 1219 2798; x_wconf 79' lang='lat' dir='ltr'>integra</span> <span class='ocrx_word' id='word_1_227' title='bbox 1230 2728 1309 2784; x_wconf 90' lang='lat' dir='ltr'>noste</span> <span class='ocrx_word' id='word_1_228' title='bbox 1326 2726 1503 2797; x_wconf 87' lang='lat' dir='ltr'>permansit:</span> 
     </span>
    </p>
   </div>
   <div class='ocr_carea' id='block_1_3' title="bbox 448 2957 612 3020">
    <p class='ocr_par' dir='ltr' id='par_1_4' title="bbox 448 2957 612 3020">
     <span class='ocr_line' id='line_1_25' title="bbox 448 2957 612 3020; baseline 0.006 -10"><span class='ocrx_word' id='word_1_229' title='bbox 448 2957 465 3011; x_wconf 88' lang='grc'><strong>9</strong></span> <span class='ocrx_word' id='word_1_230' title='bbox 483 2957 527 3010; x_wconf 81' lang='lat' dir='ltr'>Es.</span> <span class='ocrx_word' id='word_1_231' title='bbox 546 2960 570 3020; x_wconf 88' lang='lat'>1,</span> <span class='ocrx_word' id='word_1_232' title='bbox 588 2959 612 3011; x_wconf 84' lang='grc'>2.</span> 
     </span>
    </p>
   </div>
   <div class='ocr_carea' id='block_1_4' title="bbox 373 3166 1515 4279">
    <p class='ocr_par' dir='ltr' id='par_1_5' title="bbox 373 3166 1515 4279">
     <span class='ocr_line' id='line_1_26' title="bbox 445 3166 1509 3253; baseline -0.004 -17"><span class='ocrx_word' id='word_1_233' title='bbox 445 3186 460 3237; x_wconf 97' lang='lat'>1</span> <span class='ocrx_word' id='word_1_234' title='bbox 478 3184 531 3252; x_wconf 80' lang='lat' dir='ltr'>ipsi</span> <span class='ocrx_word' id='word_1_235' title='bbox 549 3184 657 3239; x_wconf 75' lang='lat' dir='ltr'>nomino</span> <span class='ocrx_word' id='word_1_236' title='bbox 675 3202 701 3250; x_wconf 74' lang='lat' dir='ltr'>v,</span> <span class='ocrx_word' id='word_1_237' title='bbox 718 3185 807 3253; x_wconf 66' lang='lat' dir='ltr'>speum</span> <span class='ocrx_word' id='word_1_238' title='bbox 825 3166 881 3238; x_wconf 71' lang='lat' dir='ltr'>uffi‘</span> <span class='ocrx_word' id='word_1_239' title='bbox 890 3185 918 3238; x_wconf 82' lang='lat' dir='ltr'>a</span> <span class='ocrx_word' id='word_1_240' title='bbox 1004 3182 1138 3252; x_wconf 73' lang='lat' dir='ltr'>oporam</span> <span class='ocrx_word' id='word_1_241' title='bbox 1157 3182 1184 3237; x_wconf 79' lang='lat' dir='ltr'>a</span> <span class='ocrx_word' id='word_1_242' title='bbox 1269 3181 1509 3248; x_wconf 59' lang='grc'><strong>1111111111.</strong></span> 
     </span>
     <span class='ocr_line' id='line_1_27' title="bbox 375 3267 1509 3340; baseline -0.004 -16"><span class='ocrx_word' id='word_1_243' title='bbox 375 3270 404 3339; x_wconf 82' lang='grc'>1.]</span> <span class='ocrx_word' id='word_1_244' title='bbox 422 3271 494 3340; x_wconf 85' lang='lat' dir='ltr'>petri</span> <span class='ocrx_word' id='word_1_245' title='bbox 512 3270 541 3324; x_wconf 89' lang='lat' dir='ltr'>iu</span> <span class='ocrx_word' id='word_1_246' title='bbox 559 3270 615 3324; x_wconf 86' lang='lat' dir='ltr'>filio</span> <span class='ocrx_word' id='word_1_247' title='bbox 633 3269 777 3325; x_wconf 78' lang='lat' dir='ltr'>inferentes</span> <span class='ocrx_word' id='word_1_248' title='bbox 796 3270 823 3324; x_wconf 92' lang='grc' dir='ltr'><strong><em>Β</em></strong></span> <span class='ocrx_word' id='word_1_249' title='bbox 945 3269 1010 3339; x_wconf 87' lang='lat' dir='ltr'>quid</span> <span class='ocrx_word' id='word_1_250' title='bbox 1027 3269 1123 3339; x_wconf 81' lang='lat' dir='ltr'>igitur]</span> <span class='ocrx_word' id='word_1_251' title='bbox 1143 3268 1190 3336; x_wconf 90' lang='lat' dir='ltr'>qui</span> <span class='ocrx_word' id='word_1_252' title='bbox 1207 3267 1307 3321; x_wconf 85' lang='lat' dir='ltr'>dicitur</span> <span class='ocrx_word' id='word_1_253' title='bbox 1327 3268 1352 3321; x_wconf 83' lang='grc' dir='ltr'><em>Τ</em></span> <span class='ocrx_word' id='word_1_254' title='bbox 1464 3267 1509 3336; x_wconf 88' lang='lat' dir='ltr'>ob]</span> 
     </span>
     <span class='ocr_line' id='line_1_28' title="bbox 373 3353 1515 3424; baseline -0.001 -17"><span class='ocrx_word' id='word_1_255' title='bbox 373 3354 408 3408; x_wconf 83' lang='lat' dir='ltr'>ab</span> <span class='ocrx_word' id='word_1_256' title='bbox 429 3355 493 3424; x_wconf 73' lang='lat'>0¹1²</span> <span class='ocrx_word' id='word_1_257' title='bbox 605 3356 622 3407; x_wconf 86' lang='lat'>3</span> <span class='ocrx_word' id='word_1_258' title='bbox 640 3371 699 3408; x_wconf 91' lang='lat' dir='ltr'>eum</span> <span class='ocrx_word' id='word_1_259' title='bbox 717 3355 822 3408; x_wconf 83' lang='lat' dir='ltr'>seilicet</span> <span class='ocrx_word' id='word_1_260' title='bbox 840 3356 868 3408; x_wconf 98' lang='grc' dir='ltr'><strong><em>Β</em></strong></span> <span class='ocrx_word' id='word_1_261' title='bbox 984 3355 1161 3408; x_wconf 86' lang='lat' dir='ltr'>hereditatem</span> <span class='ocrx_word' id='word_1_262' title='bbox 1181 3353 1260 3424; x_wconf 75' lang='lat' dir='ltr'>BTQ</span> <span class='ocrx_word' id='word_1_263' title='bbox 1268 3353 1321 3405; x_wconf 83' lang='lat' dir='ltr'>&#39;M&#39;</span> <span class='ocrx_word' id='word_1_264' title='bbox 1435 3355 1453 3407; x_wconf 82' lang='lat'>4</span> <span class='ocrx_word' id='word_1_265' title='bbox 1472 3356 1515 3406; x_wconf 90' lang='lat' dir='ltr'>est</span> 
     </span>
     <span class='ocr_line' id='line_1_29' title="bbox 374 3439 1512 3512; baseline -0.002 -19"><span class='ocrx_word' id='word_1_266' title='bbox 374 3455 424 3493; x_wconf 78' lang='lat' dir='ltr'>om.</span> <span class='ocrx_word' id='word_1_267' title='bbox 444 3441 471 3494; x_wconf 88' lang='lat' dir='ltr'><em>B</em></span> <span class='ocrx_word' id='word_1_268' title='bbox 594 3445 752 3510; x_wconf 86' lang='lat' dir='ltr'>optegeruut</span> <span class='ocrx_word' id='word_1_269' title='bbox 772 3441 824 3512; x_wconf 78' lang='lat' dir='ltr'>QT</span> <span class='ocrx_word' id='word_1_270' title='bbox 950 3440 1176 3495; x_wconf 80' lang='lat' dir='ltr'>contumeliomo</span> <span class='ocrx_word' id='word_1_271' title='bbox 1303 3439 1395 3494; x_wconf 84' lang='grc'><strong>511111</strong></span> <span class='ocrx_word' id='word_1_272' title='bbox 1413 3439 1433 3494; x_wconf 84' lang='grc'>1.</span> <span class='ocrx_word' id='word_1_273' title='bbox 1452 3454 1512 3507; x_wconf 90' lang='lat' dir='ltr'>por·</span> 
     </span>
     <span class='ocr_line' id='line_1_30' title="bbox 375 3525 1513 3594; baseline -0.002 -16"><span class='ocrx_word' id='word_1_274' title='bbox 375 3540 467 3594; x_wconf 86' lang='lat' dir='ltr'>pessus</span> <span class='ocrx_word' id='word_1_275' title='bbox 485 3541 534 3580; x_wconf 70' lang='lat' dir='ltr'>ota.</span> <span class='ocrx_word' id='word_1_276' title='bbox 554 3526 582 3579; x_wconf 90' lang='lat' dir='ltr'><strong><em>B</em></strong></span> <span class='ocrx_word' id='word_1_277' title='bbox 693 3525 879 3579; x_wconf 84' lang='lat' dir='ltr'>moriebantur</span> <span class='ocrx_word' id='word_1_278' title='bbox 896 3542 913 3579; x_wconf 83' lang='lat' dir='ltr'>o</span> <span class='ocrx_word' id='word_1_279' title='bbox 1028 3526 1043 3578; x_wconf 85' lang='grc'><strong>7</strong></span> <span class='ocrx_word' id='word_1_280' title='bbox 1062 3525 1103 3594; x_wconf 90' lang='lat' dir='ltr'>do]</span> <span class='ocrx_word' id='word_1_281' title='bbox 1123 3525 1219 3594; x_wconf 79' lang='grc' dir='ltr'>11Βο</span> <span class='ocrx_word' id='word_1_282' title='bbox 1321 3525 1340 3578; x_wconf 84' lang='grc'>8</span> <span class='ocrx_word' id='word_1_283' title='bbox 1357 3539 1466 3592; x_wconf 80' lang='lat' dir='ltr'>moysen</span> <span class='ocrx_word' id='word_1_284' title='bbox 1485 3527 1513 3577; x_wconf 90' lang='grc'>11</span> 
     </span>
     <span class='ocr_line' id='line_1_31' title="bbox 373 3610 1476 3681; baseline 0 -18"><span class='ocrx_word' id='word_1_285' title='bbox 373 3610 465 3664; x_wconf 87' lang='lat' dir='ltr'>helian</span> <span class='ocrx_word' id='word_1_286' title='bbox 485 3610 541 3681; x_wconf 78' lang='lat' dir='ltr'>QT,</span> <span class='ocrx_word' id='word_1_287' title='bbox 559 3626 666 3679; x_wconf 83' lang='lat' dir='ltr'>moysen</span> <span class='ocrx_word' id='word_1_288' title='bbox 684 3613 712 3664; x_wconf 89' lang='lat' dir='ltr'>et</span> <span class='ocrx_word' id='word_1_289' title='bbox 729 3611 825 3680; x_wconf 77' lang='lat' dir='ltr'>angelo</span> <span class='ocrx_word' id='word_1_290' title='bbox 845 3612 873 3664; x_wconf 91' lang='lat' dir='ltr'><em>B</em></span> <span class='ocrx_word' id='word_1_291' title='bbox 1042 3612 1059 3664; x_wconf 88' lang='lat'><strong>9</strong></span> <span class='ocrx_word' id='word_1_292' title='bbox 1076 3611 1220 3679; x_wconf 83' lang='lat' dir='ltr'>prophetas</span> <span class='ocrx_word' id='word_1_293' title='bbox 1239 3611 1280 3664; x_wconf 89' lang='lat' dir='ltr'>ita</span> <span class='ocrx_word' id='word_1_294' title='bbox 1297 3610 1430 3679; x_wconf 81' lang='lat' dir='ltr'>praedixit</span> <span class='ocrx_word' id='word_1_295' title='bbox 1448 3610 1476 3663; x_wconf 94' lang='grc' dir='ltr'><strong><em>Β</em></strong></span> 
     </span>
     <span class='ocr_line' id='line_1_32' title="bbox 377 3694 1476 3767; baseline -0.001 -19"><span class='ocrx_word' id='word_1_296' title='bbox 377 3695 411 3749; x_wconf 92' lang='grc'>10</span> <span class='ocrx_word' id='word_1_297' title='bbox 427 3698 528 3750; x_wconf 86' lang='lat' dir='ltr'>terram</span> <span class='ocrx_word' id='word_1_298' title='bbox 547 3698 573 3749; x_wconf 92' lang='lat' dir='ltr'><em>B</em></span> <span class='ocrx_word' id='word_1_299' title='bbox 654 3696 686 3749; x_wconf 98' lang='grc'>12</span> <span class='ocrx_word' id='word_1_300' title='bbox 703 3695 921 3765; x_wconf 85' lang='lat' dir='ltr'>repudiauornnt]</span> <span class='ocrx_word' id='word_1_301' title='bbox 940 3697 1098 3764; x_wconf 86' lang='lat' dir='ltr'>spreuorunt</span> <span class='ocrx_word' id='word_1_302' title='bbox 1117 3696 1160 3750; x_wconf 85' lang='lat' dir='ltr'>Bo</span> <span class='ocrx_word' id='word_1_303' title='bbox 1239 3696 1273 3749; x_wconf 83' lang='lat'>13</span> <span class='ocrx_word' id='word_1_304' title='bbox 1290 3694 1405 3748; x_wconf 84' lang='lat' dir='ltr'>offundit</span> <span class='ocrx_word' id='word_1_305' title='bbox 1422 3695 1476 3767; x_wconf 77' lang='lat' dir='ltr'>BQ</span> 
     </span>
     <span class='ocr_line' id='line_1_33' title="bbox 376 3780 1509 3845; baseline -0.002 -10"><span class='ocrx_word' id='word_1_306' title='bbox 376 3781 509 3836; x_wconf 79' lang='lat' dir='ltr'>uociferas</span> <span class='ocrx_word' id='word_1_307' title='bbox 529 3781 554 3835; x_wconf 83' lang='grc' dir='ltr'><em>Τ</em></span> <span class='ocrx_word' id='word_1_308' title='bbox 676 3785 705 3835; x_wconf 90' lang='grc'>11</span> <span class='ocrx_word' id='word_1_309' title='bbox 721 3781 813 3835; x_wconf 80' lang='lat' dir='ltr'>dicem</span> <span class='ocrx_word' id='word_1_310' title='bbox 831 3781 924 3836; x_wconf 78' lang='lat' dir='ltr'>Bds’o</span> <span class='ocrx_word' id='word_1_311' title='bbox 1050 3781 1178 3834; x_wconf 89' lang='lat' dir='ltr'>noluistis</span> <span class='ocrx_word' id='word_1_312' title='bbox 1196 3781 1262 3845; x_wconf 85' lang='lat' dir='ltr'>BT,</span> <span class='ocrx_word' id='word_1_313' title='bbox 1280 3797 1322 3834; x_wconf 92' lang='lat' dir='ltr'>me</span> <span class='ocrx_word' id='word_1_314' title='bbox 1339 3780 1467 3835; x_wconf 86' lang='lat' dir='ltr'>noluistis</span> <span class='ocrx_word' id='word_1_315' title='bbox 1484 3796 1509 3844; x_wconf 83' lang='lat' dir='ltr'>e,</span> 
     </span>
     <span class='ocr_line' id='line_1_34' title="bbox 375 3866 1477 3937; baseline 0.001 -18"><span class='ocrx_word' id='word_1_316' title='bbox 375 3867 502 3921; x_wconf 89' lang='lat' dir='ltr'>uoluistis</span> <span class='ocrx_word' id='word_1_317' title='bbox 519 3883 562 3920; x_wconf 91' lang='lat' dir='ltr'>mo</span> <span class='ocrx_word' id='word_1_318' title='bbox 579 3867 693 3934; x_wconf 83' lang='lat' dir='ltr'>recipere</span> <span class='ocrx_word' id='word_1_319' title='bbox 713 3867 735 3936; x_wconf 78' lang='lat' dir='ltr'><strong><em>Q</em></strong></span> <span class='ocrx_word' id='word_1_320' title='bbox 853 3867 887 3919; x_wconf 81' lang='lat'>14</span> <span class='ocrx_word' id='word_1_321' title='bbox 904 3883 952 3919; x_wconf 88' lang='lat' dir='ltr'>neo</span> <span class='ocrx_word' id='word_1_322' title='bbox 969 3882 1034 3933; x_wconf 77' lang='lat' dir='ltr'>exp.</span> <span class='ocrx_word' id='word_1_323' title='bbox 1054 3867 1091 3920; x_wconf 82' lang='lat' dir='ltr'><em>M</em></span> <span class='ocrx_word' id='word_1_324' title='bbox 1205 3867 1239 3919; x_wconf 73' lang='lat'>15</span> <span class='ocrx_word' id='word_1_325' title='bbox 1256 3866 1434 3934; x_wconf 83' lang='lat' dir='ltr'>expraeuistis</span> <span class='ocrx_word' id='word_1_326' title='bbox 1453 3867 1477 3937; x_wconf 75' lang='lat' dir='ltr'><em>Q</em></span> 
     </span>
     <span class='ocr_line' id='line_1_35' title="bbox 376 3950 1480 4023; baseline 0.003 -20"><span class='ocrx_word' id='word_1_327' title='bbox 376 3950 465 4020; x_wconf 88' lang='lat' dir='ltr'>ibunt]</span> <span class='ocrx_word' id='word_1_328' title='bbox 484 3955 548 4004; x_wconf 90' lang='lat' dir='ltr'>sunt</span> <span class='ocrx_word' id='word_1_329' title='bbox 567 3950 592 4003; x_wconf 84' lang='lat' dir='ltr'><em>T</em></span> <span class='ocrx_word' id='word_1_330' title='bbox 701 3950 791 4005; x_wconf 85' lang='lat' dir='ltr'>uooeti</span> <span class='ocrx_word' id='word_1_331' title='bbox 810 3952 870 4021; x_wconf 76' lang='lat' dir='ltr'>MQ</span> <span class='ocrx_word' id='word_1_332' title='bbox 887 3951 919 4004; x_wconf 79' lang='lat' dir='ltr'>in</span> <span class='ocrx_word' id='word_1_333' title='bbox 936 3957 1052 4019; x_wconf 72' lang='lat' dir='ltr'>utroque</span> <span class='ocrx_word' id='word_1_334' title='bbox 1070 3965 1086 4003; x_wconf 94' lang='lat' dir='ltr'>a</span> <span class='ocrx_word' id='word_1_335' title='bbox 1104 3966 1174 4004; x_wconf 81' lang='lat' dir='ltr'>corr.</span> <span class='ocrx_word' id='word_1_336' title='bbox 1286 3951 1318 4004; x_wconf 91' lang='grc'>16</span> <span class='ocrx_word' id='word_1_337' title='bbox 1335 3966 1379 4004; x_wconf 93' lang='lat' dir='ltr'>ros</span> <span class='ocrx_word' id='word_1_338' title='bbox 1397 3951 1480 4023; x_wconf 78' lang='lat' dir='ltr'>BQT</span> 
     </span>
     <span class='ocr_line' id='line_1_36' title="bbox 379 4036 1514 4107; baseline -0.002 -15"><span class='ocrx_word' id='word_1_339' title='bbox 379 4038 485 4092; x_wconf 84' lang='lat' dir='ltr'>uineam</span> <span class='ocrx_word' id='word_1_340' title='bbox 504 4054 626 4092; x_wconf 84' lang='lat' dir='ltr'>meamo</span> <span class='ocrx_word' id='word_1_341' title='bbox 730 4038 762 4090; x_wconf 85' lang='grc'>17</span> <span class='ocrx_word' id='word_1_342' title='bbox 781 4036 899 4091; x_wconf 79' lang='lat' dir='ltr'>fructum</span> <span class='ocrx_word' id='word_1_343' title='bbox 919 4037 943 4107; x_wconf 75' lang='lat' dir='ltr'><em>Q</em></span> <span class='ocrx_word' id='word_1_344' title='bbox 1047 4041 1088 4091; x_wconf 90' lang='lat' dir='ltr'>est</span> <span class='ocrx_word' id='word_1_345' title='bbox 1106 4054 1192 4091; x_wconf 73' lang='lat' dir='ltr'>orme</span> <span class='ocrx_word' id='word_1_346' title='bbox 1295 4038 1328 4091; x_wconf 91' lang='grc'>19</span> <span class='ocrx_word' id='word_1_347' title='bbox 1346 4040 1430 4091; x_wconf 87' lang='lat' dir='ltr'>tostos</span> <span class='ocrx_word' id='word_1_348' title='bbox 1447 4040 1514 4092; x_wconf 90' lang='lat' dir='ltr'>sunt</span> 
     </span>
     <span class='ocr_line' id='line_1_37' title="bbox 379 4123 1480 4194; baseline 0 -18"><span class='ocrx_word' id='word_1_349' title='bbox 379 4139 402 4185; x_wconf 81' lang='lat' dir='ltr'>o,</span> <span class='ocrx_word' id='word_1_350' title='bbox 421 4123 501 4176; x_wconf 86' lang='lat' dir='ltr'>testis</span> <span class='ocrx_word' id='word_1_351' title='bbox 519 4126 546 4176; x_wconf 91' lang='lat' dir='ltr'>ot</span> <span class='ocrx_word' id='word_1_352' title='bbox 567 4125 591 4176; x_wconf 87' lang='grc' dir='ltr'><em>Τ</em></span> <span class='ocrx_word' id='word_1_353' title='bbox 701 4126 773 4176; x_wconf 82' lang='lat' dir='ltr'>terra</span> <span class='ocrx_word' id='word_1_354' title='bbox 790 4123 827 4191; x_wconf 88' lang='grc'>11]</span> <span class='ocrx_word' id='word_1_355' title='bbox 846 4126 946 4175; x_wconf 86' lang='lat' dir='ltr'>terram</span> <span class='ocrx_word' id='word_1_356' title='bbox 964 4123 991 4176; x_wconf 91' lang='grc' dir='ltr'><strong><em>Β</em></strong></span> <span class='ocrx_word' id='word_1_357' title='bbox 1101 4123 1137 4176; x_wconf 86' lang='grc'>20</span> <span class='ocrx_word' id='word_1_358' title='bbox 1154 4124 1262 4194; x_wconf 84' lang='lat' dir='ltr'>insuper</span> <span class='ocrx_word' id='word_1_359' title='bbox 1279 4123 1315 4191; x_wconf 90' lang='lat' dir='ltr'>ot]</span> <span class='ocrx_word' id='word_1_360' title='bbox 1335 4125 1445 4190; x_wconf 88' lang='lat' dir='ltr'>insopor</span> <span class='ocrx_word' id='word_1_361' title='bbox 1464 4139 1480 4176; x_wconf 85' lang='lat' dir='ltr'>o</span> 
     </span>
     <span class='ocr_line' id='line_1_38' title="bbox 378 4208 1479 4279; baseline 0.002 -18"><span class='ocrx_word' id='word_1_362' title='bbox 378 4209 411 4261; x_wconf 92' lang='grc'>21</span> <span class='ocrx_word' id='word_1_363' title='bbox 430 4209 578 4276; x_wconf 82' lang='lat' dir='ltr'>passionem</span> <span class='ocrx_word' id='word_1_364' title='bbox 598 4208 622 4260; x_wconf 84' lang='grc' dir='ltr'><strong><em>Τ</em></strong></span> <span class='ocrx_word' id='word_1_365' title='bbox 734 4208 769 4261; x_wconf 85' lang='grc'>23</span> <span class='ocrx_word' id='word_1_366' title='bbox 788 4208 893 4261; x_wconf 85' lang='lat' dir='ltr'>oonoiso</span> <span class='ocrx_word' id='word_1_367' title='bbox 911 4208 954 4262; x_wconf 88' lang='lat' dir='ltr'>Bo</span> <span class='ocrx_word' id='word_1_368' title='bbox 1059 4208 1133 4276; x_wconf 86' lang='lat' dir='ltr'>pleps</span> <span class='ocrx_word' id='word_1_369' title='bbox 1154 4209 1184 4272; x_wconf 83' lang='grc' dir='ltr'>Τ,</span> <span class='ocrx_word' id='word_1_370' title='bbox 1203 4208 1279 4277; x_wconf 87' lang='lat' dir='ltr'>plebs</span> <span class='ocrx_word' id='word_1_371' title='bbox 1297 4212 1386 4262; x_wconf 87' lang='lat' dir='ltr'>autom</span> <span class='ocrx_word' id='word_1_372' title='bbox 1410 4208 1479 4279; x_wconf 78' lang='lat' dir='ltr'>BQo</span> 
     </span>
    </p>
   </div>
   <div class='ocr_carea' id='block_1_5' title="bbox 0 0 1873 4920">
    <p class='ocr_par' dir='ltr' id='par_1_6' title="bbox 0 0 1873 4920">
     <span class='ocr_line' id='line_1_39' title="bbox 0 0 1873 4920; baseline 0 0"><span class='ocrx_word' id='word_1_373' title='bbox 0 0 1873 4920; x_wconf 95' lang='lat' dir='ltr'> </span> 
     </span>
    </p>
   </div>
  </div>
 </body>
</html>
