3720 4920
592 403 639 455 De
656 401 833 455 duodecim
851 401 1009 455 abusiuis
1026 402 1157 456 eaeouli
1182 418 1204 454 e
1222 402 1299 455 ‘1-8.
1454 408 1514 472 165

376 559 478 619 beati
512 576 692 634 pauperes
715 559 872 633 spiritu,
902 560 1072 634 quoniam
1094 559 1253 634 ipsorum
1276 562 1333 619 est
1365 577 1516 634 reguum

376 661 456 721 rael
465 679 573 721 orum.
597 665 675 721 reeta
690 679 813 736 namque
827 661 1043 736 dispensatione
1057 663 1219 723 misericors
1235 663 1307 723 oaeli
1318 680 1440 738 regnum
1454 663 1515 723 illis

377 764 532 823 committit
546 764 649 839 quibus
661 765 745 838 regni
760 769 903 824 terrarum
918 765 1171 838 participationem
1184 758 1271 848 [inter
1286 766 1430 840 mortales]
1446 766 1514 824 abs·

379 866 465 938 tulit,
488 870 521 925 ut
546 867 608 941 ipse
633 867 715 927 diues
730 868 759 925 in
775 867 848 926 caeli
861 868 929 926 sede
945 870 1084 940 appareat
1111 868 1160 940 qui
1173 868 1203 926 in
1219 871 1296 926 terra
1310 868 1425 941 penitus
1440 864 1516 927 nihil

356 973 524 1044 sproourat.
553 972 710 1031 cauendum
731 986 799 1029 uero
821 969 996 1045 pauperibus
1018 974 1079 1042 est,
1101 988 1136 1030 ne
1159 972 1226 1029 dum
1246 988 1297 1045 per
1312 971 1514 1031 necessitatem

379 1073 474 1130 torrae
501 1089 622 1145 rognum
645 1073 786 1145 perdunt,
815 1089 866 1144 per
892 1072 998 1130 mentis
1023 1072 1247 1145 imprudentiam
1267 1072 1355 1130 etiam
1370 1072 1515 1132 caelorum

381 1189 471 1246 regna
485 1173 630 1234 amittant.
646 1192 709 1234 oum
725 1174 801 1233 enim
816 1173 870 1233 Dei
884 1173 1099 1248 dispensatione
1114 1175 1312 1248 paupertatem
1325 1173 1517 1234 neeessariam

378 1276 558 1347 aooeperint,
585 1276 617 1334 in
632 1276 761 1350 ipsorum
786 1275 907 1335 arbitrie
924 1275 1030 1347 pendet
1050 1279 1147 1335 utrum
1168 1292 1308 1350 pauperes
1323 1276 1428 1348 spiritu
1443 1277 1514 1335 siut.

379 1393 437 1436 nou
452 1378 527 1437 enim
543 1378 769 1452 quibuscumque
785 1379 960 1452 pauperibus
975 1376 1049 1436 caeli
1063 1395 1153 1452 regna
1167 1379 1389 1453 promittuntur,
1405 1378 1455 1436 sed
1472 1377 1519 1436 his

345 1481 576 1538 rotantummodo
591 1480 695 1551 quibus
711 1478 877 1538 diuitiarum
884 1479 1010 1551 inopiam
1025 1480 1182 1538 animorum
1194 1479 1342 1539 humilitas
1352 1479 1517 1538 comitatur.

379 1598 489 1654 pauper
504 1580 580 1641 euim
595 1579 714 1639 humilis
734 1597 842 1654 pauper
857 1581 962 1653 spiritu
976 1581 1156 1654 appellatur,
1177 1583 1227 1655 qui
1247 1598 1311 1640 oum
1326 1597 1433 1655 egenus
1445 1580 1516 1661 foris

379 1683 516 1754 semitm,
531 1700 686 1756 numquam
700 1683 730 1740 iu
745 1682 910 1755 superbiam
925 1683 1074 1741 eleuatur:
1090 1683 1224 1757 quoniam
1239 1684 1275 1741 ad
1290 1683 1413 1756 peteuda
1427 1698 1518 1755 regna

379 1783 523 1843 saelorum
537 1785 603 1856 plus
625 1783 704 1842 ualet
718 1787 825 1843 mentis
840 1785 991 1842 humilitas
1018 1802 1103 1857 quam
1129 1784 1322 1858 praesentium
1347 1783 1516 1842 diuitiarum

380 1887 549 1959 temporalis
564 1889 729 1963 paupertas.
753 1886 860 1945 etenim
876 1885 1000 1945 humiles
1015 1887 1065 1961 qui
1080 1886 1152 1947 bone
1167 1886 1285 1944 diuitias
1300 1902 1449 1958 possessas
1463 1886 1519 1944 ha·

346 1989 451 2046 rubent
471 1992 593 2062 possunt
614 2006 754 2062 pauperes
775 1988 881 2060 spiritu
896 1987 1054 2060 appellari,
1075 1991 1105 2046 et
1126 1989 1263 2061 superbos
1285 1987 1359 2045 nihil
1380 1987 1521 2046 habentes

381 2088 459 2148 haud
474 2089 591 2149 dubium
607 2092 653 2149 est
673 2089 853 2149 beatitudine
869 2089 1052 2163 paupertatis
1067 2088 1188 2163 priuari.
1219 2091 1253 2148 de
1268 2089 1372 2163 quibus
1386 2089 1518 2163 utrisque

382 2193 639 2265 sauotasoriptura
659 2192 702 2251 ita
723 2192 864 2265 loquitur:
895 2194 953 2250 est
975 2191 1080 2265 quasi
1103 2191 1219 2260 diues,
1243 2208 1318 2251 eum
1339 2190 1435 2248 nihil
1458 2190 1519 2249 ha-

382 2292 468 2351 beat
489 2297 525 2351 et
546 2296 605 2352 est
636 2293 743 2366 quasi
776 2310 934 2367 pauper,
968 2310 1042 2352 eum
1066 2293 1102 2350 in
1130 2292 1259 2351 multis
1281 2292 1437 2352 diuitiis
1458 2292 1520 2352 sit.

383 2394 466 2466 quasi
496 2395 578 2452 diues
607 2398 652 2452 est
681 2412 790 2466 pauper
820 2397 962 2468 superbus
991 2395 1098 2452 mentis
1132 2395 1235 2453 affeetu
1256 2398 1286 2452 et
1314 2395 1397 2466 qussi
1411 2411 1522 2469 pauper

347 2496 429 2556 aoest
444 2495 525 2554 diues
547 2496 652 2554 mentis
670 2496 844 2555 humilitate.
876 2495 959 2554 diues
979 2511 1048 2568 ergo
1063 2493 1161 2568 inopia
1176 2496 1221 2553 est
1243 2495 1348 2553 mentis
1371 2495 1522 2554 humilitas

382 2599 412 2656 et
424 2597 536 2668 ineptae
547 2597 666 2656 ditritiae
675 2600 744 2656 suut
755 2597 916 2656 animorum
926 2597 1087 2655 inormitas.
1099 2596 1304 2669 prouidendum
1312 2611 1380 2668 ergo
1392 2599 1437 2655 est
1448 2614 1521 2670 pau·

451 2863 466 2915 l
485 2861 586 2916 matth.
604 2864 630 2926 5,
648 2862 673 2915 3.
781 2865 813 2918 17
832 2863 913 2920 Prou.
933 2863 974 2928 13,
994 2864 1019 2916 7.

453 3097 636 3152 2miserioors
654 3099 768 3154 iudexo
867 3099 912 3152 illi
930 3099 973 3152 X'
1072 3099 1242 3152 3terrarum
1260 3113 1311 3152 ona
1330 3097 1361 3151 X
1450 3098 1523 3152 iuter

384 3183 511 3236 mortales
529 3199 579 3237 om.
603 3184 662 3246 GV,
683 3184 713 3237 iu
732 3187 853 3238 mortuos
871 3184 907 3247 Χ,
928 3186 955 3237 in
973 3187 1079 3237 mortuo
1101 3184 1127 3236 G
1144 3200 1177 3238 m.
1196 3187 1216 3236 2
1233 3183 1298 3236 odd.
1315 3183 1347 3235 in
1364 3199 1452 3252 marg.

384 3266 403 3319 4
420 3268 489 3320 caeli
506 3267 576 3336 sede]
596 3268 677 3322 oaelis
700 3269 726 3324 V
827 3269 936 3337 buero}
956 3284 1020 3337 ergo
1043 3269 1083 3323 Va
1179 3272 1230 3322 'est
1246 3268 1409 3338 pauperibus
1431 3267 1457 3321 V

385 3355 533 3421 egestatem
552 3356 580 3407 et
598 3355 822 3408 necessitatene
932 3355 950 3407 6
968 3357 1106 3407 terrenum
1124 3371 1141 3408 o
1245 3354 1368 3423 perdunt]
1387 3356 1523 3422 praetore·

385 3440 436 3491 unt
454 3437 500 3492 Xo
581 3440 665 3493 etiam
683 3439 915 3508 impudentiamo
1002 3439 1150 3506 'tregnum
1168 3439 1199 3491 Χ
1282 3438 1490 3493 ammittant-G

385 3525 403 3579 8
420 3524 515 3594 pendit
537 3523 575 3578 G¹
668 3526 684 3578 9
703 3524 914 3592 quibuscumque
931 3539 1047 3592 namque
1064 3540 1089 3586 o,
1108 3523 1319 3592 quibuscumque
1337 3522 1368 3576 X
1464 3538 1523 3577 oae-

386 3612 474 3664 lorum
491 3611 523 3664 X
648 3610 683 3664 10
699 3611 728 3664 in
746 3610 879 3678 quibuso
1005 3610 1113 3677 inopia»
1129 3610 1161 3663 X
1284 3611 1315 3662 11
1335 3609 1428 3676 egenis
1446 3609 1489 3662 Χι

387 3696 460 3751 lorae
481 3696 508 3749 V
609 3695 643 3750 12
661 3695 787 3765 superbia
804 3696 836 3749 X
943 3695 980 3750 ad
997 3694 1190 3765 appetendae,
1208 3694 1243 3748 ad
1259 3693 1442 3762 oonsequonda
1459 3694 1490 3748 X

388 3783 586 3838 retinentis
608 3783 634 3836 V
735 3783 950 3850 praesentiarum
972 3781 999 3834 V
1104 3782 1138 3835 15
1155 3785 1183 3834 et
1201 3780 1308 3849 superbi
1331 3780 1376 3842 θ’,
1394 3780 1523 3847 superbos

387 3869 512 3922 auterno
616 3868 650 3921 16
668 3866 736 3921 haut
758 3867 804 3930 θ’,
823 3882 878 3920 uon
896 3867 928 3920 X
1032 3868 1065 3921 17
1084 3882 1144 3921 oum
1161 3883 1188 3920 n.
1207 3866 1245 3935 h.]
1264 3865 1335 3919 nihil
1352 3864 1489 3919 habenae

389 3952 423 4006 18
440 3953 569 4021 quasi...
585 3953 602 4007 l.
616 3955 657 4006 20
674 3952 832 4006 humilitate
850 3968 901 4006 ona
916 3953 953 4016 X,
971 3953 1049 4020 quasi
1068 3968 1168 4021 pauper
1186 3967 1249 4020 ergo
1266 3951 1295 4004 iu
1307 3951 1403 4004 multis
1415 3949 1524 4003 diuitiis

388 4041 430 4091 est
447 4037 523 4091 diues
540 4037 653 4091 humilis
671 4037 783 4107 spiritu;
801 4039 830 4091 ut
847 4036 920 4091 nihil
937 4037 1039 4091 habens
1052 4037 1129 4106 quasi
1141 4036 1217 4090 diues
1229 4038 1271 4089 est
1281 4051 1381 4105 pauper
1392 4035 1525 4104 superbus

388 4125 488 4177 mentis
507 4123 638 4177 affectus
743 4124 777 4176 19
795 4123 892 4176 effectu
909 4123 935 4176 V
1037 4126 1066 4176 et
1083 4123 1161 4191 quasi
1179 4138 1205 4191 p.
1223 4137 1245 4177 e.
1266 4121 1291 4174 d.
1312 4137 1347 4173 m.
1366 4120 1526 4174 humilitate

387 4223 440 4264 om.
457 4208 505 4263 Xe
614 4208 649 4262 20
666 4208 743 4262 diues
766 4208 800 4272 G,
817 4207 914 4262 diuitis
936 4208 967 4274 V,
986 4208 1086 4262 nobilis
1103 4208 1149 4264 Xe
1257 4208 1291 4260 21
1310 4205 1491 4260 enormitaar

388 4297 429 4348 est
447 4310 510 4365 orgo
528 4295 690 4364 pauperibus
707 4311 739 4362 o;
756 4309 820 4365 ergo
839 4293 938 4351 om.V
978 4320 980 4323 ’
