3720 4920
397 394 461 460 228
869 390 1054 461 Appendix.

398 549 540 623 promissa
555 549 672 609 Christi.
696 549 806 608 nullum
833 549 907 609 enim
933 550 1154 609 instrumentum
1182 548 1410 620 indubitabilius,
1440 565 1524 622 quam

399 655 475 727 quod
490 656 535 712 tot
549 657 705 727 martyrum
722 653 859 726 sanguino
874 653 1020 725 signatum
1036 655 1090 712 est.
1118 654 1172 710 boc
1193 652 1327 710 nimirum
1349 652 1394 709 est
1409 648 1525 723 implore

398 756 517 814 uerbum
532 754 595 826 Dei,
611 757 664 813 lroc
680 758 723 814 ost
738 754 846 828 replere
862 753 1053 826 euangelium.

349 858 386 913 ll
444 857 498 915 Sed
514 857 628 916 iuterim
642 857 830 929 grauissimus
856 855 936 914 dolor
961 856 1091 914 oboritur
1105 855 1199 913 animo
1215 873 1293 925 meo,
1320 853 1432 925 dilecti,
1460 855 1527 912 dum

400 975 510 1017 mecum
526 961 635 1030 reputo,
651 973 714 1017 cum
730 958 822 1015 adhuc
837 973 935 1016 recens
951 956 1001 1015 illo
1016 956 1127 1015 Christi
1154 957 1272 1029 sanguis
1294 955 1404 1014 feruere
1427 955 1551 1014 debsats

398 1061 429 1118 in
444 1060 577 1120 cordibus
592 1060 728 1130 fidelium,
744 1061 802 1117 tarn
820 1060 922 1118 multos
937 1076 999 1118 esse
1015 1061 1045 1118 in
1061 1059 1166 1132 quibus
1180 1059 1293 1117 refrixit
1308 1058 1423 1130 caritas,
1439 1060 1526 1130 atque

398 1163 453 1221 boc
468 1162 584 1235 grauius
599 1162 764 1230 discrucior,
780 1162 853 1232 quod
868 1161 943 1219 tales
956 1178 1012 1218 uon
1024 1178 1129 1234 paucos
1141 1163 1271 1234 pastores
1283 1162 1388 1220 habeat
1397 1159 1527 1230 ecclesia,

402 1265 451 1336 qui
467 1281 522 1322 non
537 1264 630 1323 solum
645 1278 700 1320 non
715 1265 861 1336 opponunt
876 1279 995 1335 corpora
1009 1279 1062 1320 sua
1083 1264 1223 1322 aduersus
1238 1262 1368 1336 luporum
1383 1261 1526 1333 incursus,

400 1382 499 1425 nerum
514 1365 600 1424 etiam
616 1364 672 1438 ipsi
688 1365 770 1437 lupos
782 1367 886 1437 agunt,
908 1364 974 1422 dum
996 1366 1123 1424 mactant
1144 1382 1178 1424 ac
1192 1366 1316 1438 perdunt
1330 1364 1440 1423 animas
1455 1363 1525 1422 sim-

397 1467 524 1539 plicium,
548 1467 604 1539 ipsi
629 1467 721 1523 uentri
748 1483 808 1537 suo,
835 1466 965 1538 quaestui
993 1469 1021 1523 et
1043 1466 1193 1551 ambitioni
1217 1467 1385 1535 seruientem
1401 1466 1565 1537 adeoquero

400 1585 457 1625 non
472 1568 715 1639 implentuerbum
728 1568 789 1636 liei,
806 1571 839 1624 ut
853 1567 925 1625 illud
938 1571 1133 1639 cauponentur
1144 1567 1239 1639 potius
1255 1571 1285 1625 et
1299 1567 1395 1640 impiis
1410 1568 1527 1639 dogma·

400 1669 478 1727 tibus
493 1669 671 1727 adulterent:
687 1685 739 1726 nec
754 1670 882 1740 cogitant
897 1670 970 1739 quod
983 1668 1032 1727 ille
1044 1673 1190 1741 pastorum
1202 1669 1333 1741 princeps
1345 1668 1527 1728 sonorissimo

398 1770 503 1829 iudicio
519 1773 647 1843 reposcet
660 1769 789 1842 singulus
805 1786 881 1837 onos,
900 1787 950 1842 pro
966 1769 1071 1841 quibus
1081 1769 1254 1828 redimendis
1266 1768 1432 1842 sanguinem
1445 1786 1529 1827 suum

401 1873 524 1941 luderet,
541 1872 576 1929 de
597 1871 728 1930 manibus
744 1889 847 1930 eorum.
865 1872 915 1930 sed
936 1873 1002 1930 illos
1023 1889 1106 1931 surum
1129 1876 1225 1931 manet
1240 1873 1428 1945 supplicium:
1455 1887 1531 1930 nnnc

401 1974 506 2032 melius
521 1977 565 2032 ost
580 1979 614 2032 ut
629 1973 741 2032 omissis
757 1974 881 2046 querelis
897 1991 948 2032 uos
964 1975 1088 2032 inuicem
1116 1976 1150 2031 ad
1177 1974 1300 2031 odicium
1327 1975 1400 2046 quod
1416 1973 1530 2032 Christo
1542 1995 1566 2032 rs

402 2077 538 2133 debemus
553 2075 743 2134 exhortemur.

364 2165 415 2233 12'
446 2175 560 2247 Triplex
577 2193 594 2233 a
610 2175 723 2233 Christo
739 2176 931 2233 testimonium
948 2176 1125 2247 accepimus,
1152 2177 1257 2247 triplex
1275 2175 1318 2234 illi
1334 2176 1531 2235 testimonium

402 2279 553 2335 reddamus
586 2281 706 2350 oportet.
738 2279 897 2335 rudimenta
923 2277 1046 2336 fideliter
1072 2279 1218 2336 tradamus
1248 2277 1436 2350 baptizandis,
1467 2295 1531 2351 por-

399 2379 520 2436 fectiora
534 2380 697 2451 baptizatis.
725 2379 920 2438 confirmemus
946 2380 1010 2439 illos
1027 2381 1170 2438 fructibus
1192 2381 1311 2452 spiritus
1326 2381 1362 2438 ad
1376 2380 1529 2439 caelestem

399 2479 490 2539 uitam
506 2485 702 2551 prouocantes,
722 2483 751 2539 ot
766 2482 790 2539 si
806 2497 852 2540 rcs
866 2483 1009 2555 postulet,
1032 2482 1155 2540 libenter
1170 2482 1256 2540 etism
1272 2483 1360 2540 uitam
1376 2481 1525 2539 commisso
1537 2502 1563 2540 ro

396 2581 479 2640 nobis
494 2582 575 2655 gregi
592 2581 787 2655 impendamus
802 2587 956 2657 nostraquo
973 2589 1064 2643 morte
1080 2584 1208 2643 uicissim
1224 2584 1314 2642 Deum
1329 2583 1528 2642 clarificemus.

397 2686 427 2741 et
442 2700 478 2741 no
494 2684 539 2741 cni
555 2683 686 2741 uideatur
703 2685 805 2743 mirum
822 2688 911 2744 morte
928 2686 1072 2744 bominum
1090 2687 1244 2759 glorificari
1260 2687 1359 2756 Deum,
1377 2687 1443 2743 audi
1458 2686 1525 2743 boa·

394 2786 456 2843 tum
471 2785 606 2844 Ioannem
622 2786 652 2844 in
667 2787 815 2860 euangelio
831 2789 865 2846 de
881 2788 977 2855 Petro,
999 2788 1044 2846 cui
1061 2787 1199 2848 Dominus
1214 2789 1395 2861 praedixerat
1411 2788 1469 2846 lore
1495 2792 1527 2845 ut

394 2886 444 2944 ubi
459 2888 611 2957 senuisset,
626 2888 663 2945 ab
678 2888 734 2947 olio
749 2889 912 2960 cingeretur
927 2892 956 2946 ot
971 2891 1122 2948 duceretur
1145 2907 1200 2962 quo
1222 2890 1321 2966 nollet,
1345 2891 1386 2946 ita
1408 2889 1526 2960 loquen-

395 2990 470 3046 tem:
502 2988 732 3061 signiiicans
754 3007 821 3064 qua
842 2993 956 3050 morte
979 2994 1082 3049 ossot
1104 2990 1562 3064 glorificaturusDoum.ss

399 3092 540 3163 quotquot
554 3091 645 3162 igitur
664 3092 701 3149 ab
724 3091 790 3150 orbe
817 3092 929 3149 condito
950 3095 1067 3165 propter
1083 3093 1183 3163 Deum,
1206 3096 1322 3165 propter
1338 3092 1477 3152 iustitiam
1494 3109 1528 3150 ac

396 3192 535 3264 pietatem
549 3193 655 3251 mortni
670 3197 746 3263 sunt,
761 3196 851 3252 morte
863 3211 915 3252 sua
927 3194 1160 3266 glorificauerunt
1171 3195 1272 3255 Deum.
1288 3212 1353 3253 nam
1370 3194 1524 3267 eleemosy-

394 3310 447 3351 nas
463 3293 569 3351 ieiunia
592 3296 769 3368 predationes
792 3294 905 3367 aliaque
921 3296 1039 3368 pietatis
1054 3296 1274 3354 exercitamenta
1289 3296 1425 3354 simulant
1439 3297 1525 3354 etiam

395 3394 576 3469 hypocritae:
593 3397 712 3455 mortem
726 3413 807 3455 nemo
823 3397 949 3468 suscepit
964 3397 1114 3484 aboriter,
1131 3398 1187 3455 nisi
1203 3397 1251 3471 qui
1266 3401 1343 3456 certo
1357 3415 1523 3471 persuasum

397 3496 526 3566 baberet,
549 3497 623 3554 nihil
635 3499 747 3557 aduersi
763 3515 844 3570 posso
859 3499 986 3556 accidere
1003 3500 1040 3556 iis
1056 3500 1105 3571 qui
1120 3501 1279 3573 persistunt
1294 3501 1322 3557 iu
1335 3501 1453 3559 caritate
1464 3501 1525 3558 Dei.
1536 3524 1563 3563 so

345 3605 385 3661 13
438 3598 538 3671 Neque
555 3600 649 3657 tamen
661 3601 759 3658 statim
771 3602 879 3673 martyr
890 3603 935 3658 est
947 3601 996 3672 qui
1009 3601 1157 3670 occiditur,
1171 3602 1338 3660 occiduntur
1349 3606 1379 3660 et
1390 3601 1485 3660 sicarii
1497 3607 1527 3661 ot

394 3701 521 3774 piratae:
533 3718 589 3759 non
602 3701 773 3775 supplicium
785 3702 854 3761 lucit
866 3707 1020 3777 martyrem
1037 3704 1086 3761 sed
1103 3721 1199 3763 causa.
1211 3707 1286 3779 quod
1297 3706 1378 3779 siqui
1392 3706 1526 3778 leguntur

395 3803 451 3862 sibi
463 3804 576 3862 fortiter
587 3804 760 3863 cousciuisse
773 3821 877 3875 nocem,
894 3808 944 3863 aut
959 3806 1110 3865 infirmitas
1124 3811 1185 3866 erat
1193 3811 1282 3867 morto
1295 3824 1433 3879 quaerens
1446 3807 1526 3866 dolo·

395 3923 458 3965 rum
471 3905 554 3964 tinem
565 3909 617 3964 aut
629 3906 746 3966 ambitio
758 3911 808 3965 aut
822 3908 972 3966 dementia.
991 3925 1043 3968 uec
1059 3909 1112 3968 boo
1127 3911 1172 3968 ost
1183 3909 1378 3969 testimonium
1390 3909 1526 3982 praebere

396 4008 455 4068 ileo
471 4008 499 4064 id
515 4007 608 4065 iacere
630 4010 705 4080 quod
721 4013 750 4066 et
764 4008 823 4067 Deo
839 4009 972 4082 displicet
999 4014 1028 4068 et
1055 4011 1184 4083 gentium
1200 4012 1287 4070 etiem
1303 4012 1414 4084 legibus
1428 4012 1525 4084 probi·
1537 4033 1561 4073 ss

469 4270 504 4320 ‘25
522 4270 559 4322 Io,
579 4270 622 4324 21.
641 4270 681 4322 19.
