3720 4920
382 317 446 382 252
857 313 1039 385 Appende.

378 474 434 532 nisi
450 474 545 548 ipsum
560 473 712 532 Dominum
729 473 873 543 diuisisse,
890 474 976 534 etsie
991 491 1007 532 e
1023 477 1125 548 quarto
1142 475 1187 534 die
1203 476 1258 534 hoc
1271 475 1397 534 officium
1410 475 1465 534 soli
1482 478 1511 534 et
1569 530 1575 539 .

379 577 463 636 lunae
489 576 658 636 iuiunxisse.
682 578 745 650 ipss
770 580 838 636 sunt
859 578 934 636 entm
956 577 1011 635 duo
1031 577 1184 636 luminaria
1204 578 1321 648 msIors,
1347 577 1383 636 de
1409 578 1512 650 quibus

377 679 515 739 Dominus
553 679 640 739 dixit:
685 679 784 738 fient
821 677 1020 751 lumInerie
1058 678 1093 736 in
1132 678 1368 739 firmamento
1415 679 1511 739 caeli

377 783 433 842 its
463 784 502 843 ut
531 783 683 842 luceant
704 799 815 855 snper
847 783 992 854 terrem,
1026 784 1062 841 et
1090 782 1264 841 diuidsnt
1292 781 1392 842 inter
1420 782 1512 842 diem

377 888 413 946 et
440 886 592 956 noctem,
627 888 664 944 et
686 885 763 943 sint
785 885 820 943 in
842 883 961 958 signis
994 885 1031 943 in
1064 884 1298 959 temporibus
1320 887 1358 944 et
1379 884 1415 944 in
1436 884 1533 943 dIe·s

376 987 443 1046 bus
471 990 508 1047 et
530 986 566 1045 in
600 988 724 1060 ennis,
758 992 793 1047 et
815 987 950 1046 sintin
983 988 1183 1061 splendore
1205 987 1240 1045 in
1263 986 1512 1047 solidamento

376 1090 481 1163 caeli,
504 1090 558 1149 ite
581 1093 620 1149 ut
641 1088 793 1150 luceant
822 1106 930 1164 super
957 1091 1105 1149 terrem.
1139 1092 1176 1149 et
1204 1089 1258 1149 sic
1285 1092 1343 1149 est
1364 1088 1510 1150 tectum.

375 1194 411 1252 et
432 1192 526 1252 fecit
552 1193 648 1251 Deus
682 1193 748 1251 dno
781 1193 979 1251 luminaris
1006 1193 1153 1264 metere,
1182 1192 1364 1252 luminare
1393 1191 1510 1251 msius

376 1295 527 1354 inItInm
562 1294 636 1354 diei
676 1298 713 1354 et
752 1295 935 1354 luminare
967 1295 1085 1354 minus
1118 1293 1269 1354 initium
1303 1295 1425 1354 noctis
1454 1297 1510 1352 etc.

375 1399 446 1457 bueo
473 1401 540 1457 sunt
566 1401 662 1457 sutem
685 1399 739 1457 dno
762 1397 923 1468 luminaris,
951 1413 1023 1470 quse
1045 1414 1101 1455 non
1124 1399 1236 1455 tentum
1251 1398 1306 1456 hoc
1321 1395 1446 1455 efficium
1461 1410 1545 1456 acuo

374 1503 520 1574 ceperunt,
544 1503 576 1559 ut
597 1497 729 1561 diuidsnt
752 1501 827 1559 inter
848 1499 922 1559 diem
942 1503 972 1558 et
992 1503 1113 1571 noctem,
1134 1500 1230 1559 sedet
1246 1499 1397 1559 utsintin
1418 1500 1510 1573 siguis

375 1606 405 1662 et
421 1603 451 1661 in
466 1603 641 1675 temporibus
657 1603 731 1661 otiu
745 1602 845 1661 diebus
859 1604 889 1660 et
904 1602 932 1659 in
947 1601 1038 1661 snnIs.

346 1699 365 1758 6
423 1705 544 1779 Propter
559 1705 613 1764 hoc
627 1720 696 1779 ergo
711 1705 836 1764 Hebraei
853 1706 922 1764 tunc
937 1704 985 1778 qui
1001 1703 1083 1778 digni
1098 1702 1214 1762 fuerunt
1229 1703 1334 1777 spIritu
1349 1701 1403 1762 Dei
1416 1702 1509 1761 edocti

376 1807 509 1880 singulos
525 1823 637 1880 quoque
654 1823 743 1865 annos
759 1807 913 1865 secundum
934 1806 1018 1864 lunee
1034 1822 1148 1865 cursum
1162 1808 1409 1878 computeuerunt.
1432 1806 1461 1862 et
1477 1809 1509 1863 ut

377 1909 413 1967 ed
429 1927 542 1968 cursum
558 1908 629 1968 solis
644 1912 825 1967 occurrerent
839 1908 914 1966 inter
929 1908 1070 1968 sexdecim
1085 1925 1184 1977 annos,
1211 1907 1317 1966 mensis
1338 1906 1424 1980 primi
1445 1907 1507 1965 dies
1520 1920 1542 1957 ¹⁵

375 2009 453 2068 xxx
468 2012 498 2068 in
514 2011 586 2069 duas
601 2012 700 2083 partes
715 2027 772 2068 non
787 2009 946 2082 aequaliter
957 2010 1008 2067 sed
1020 2012 1174 2070 secundum
1186 2011 1325 2069 rationem
1336 2009 1506 2080 deserunt,

375 2112 450 2172 sicut
476 2113 608 2185 superius
635 2112 760 2171 diximus
786 2115 898 2171 nostros
924 2116 1118 2172 antecessores
1139 2113 1253 2187 quidem
1275 2115 1429 2172 seeundum
1446 2112 1506 2172 He·

374 2213 475 2272 brucos
501 2217 578 2271 recte
605 2212 739 2272 diuisisse
754 2212 784 2270 in
799 2213 838 2270 III
854 2215 884 2271 et
899 2212 1022 2285 XVIIII,
1048 2214 1123 2272 diem
1144 2218 1240 2273 autem
1261 2214 1384 2288 primum
1399 2214 1506 2273 mensis

373 2315 458 2389 primi
474 2331 530 2372 non
546 2314 793 2388 comprehendisse
806 2317 836 2374 et
850 2315 913 2374 ideo
929 2332 1048 2375 errusse.
1072 2317 1121 2390 qui
1143 2316 1203 2375 dies
1219 2316 1328 2388 primus
1343 2317 1410 2376 noui
1424 2332 1504 2374 meu-

373 2417 415 2475 sis
430 2418 585 2476 secundum
600 2433 716 2475 cursum
732 2417 816 2476 lunse
832 2417 982 2476 duodecies
997 2417 1186 2476 decrescentis
1208 2419 1420 2491 recognoscitur
1436 2417 1503 2474 XVI
1514 2432 1539 2470 so

373 2518 413 2577 kl.
424 2518 535 2592 spur:
549 2520 578 2578 in
590 2537 646 2593 quo
658 2519 727 2578 talis
738 2520 835 2578 eedem
848 2520 918 2578 hors
929 2519 1046 2579 iuuenta
1057 2523 1102 2578 est
1113 2520 1192 2589 luna,
1208 2519 1303 2591 qualis
1318 2523 1385 2579 ente
1400 2537 1504 2577 annum

372 2619 429 2679 fuit
444 2621 469 2679 V
485 2622 525 2679 kl.
540 2620 634 2694 April.
658 2621 745 2683 facts.
769 2622 848 2680 cuius
869 2617 1018 2680 annidies
1041 2621 1166 2680 Hebraei
1187 2624 1337 2680 numersnt
1352 2619 1504 2679 cccnlnl

372 2740 462 2796 usque
478 2724 507 2783 in
523 2724 607 2783 xv11
621 2725 661 2784 kl.
677 2724 796 2799 Aprilis.
820 2723 868 2796 qui
892 2728 986 2783 sutem
1014 2727 1169 2784 secundum
1193 2742 1308 2783 cursum
1333 2725 1403 2782 solis
1425 2740 1503 2781 cem-

371 2828 485 2899 putent,
500 2830 568 2901 post
581 2826 711 2886 undecim
728 2827 789 2887 dies
803 2829 832 2886 et
847 2830 979 2899 quemum
995 2825 1052 2885 diei
1068 2827 1109 2884 VI
1122 2827 1162 2884 kl.
1176 2826 1268 2898 April.
1284 2825 1426 2900 suppletis
1440 2826 1504 2884 die·

439 3007 457 3060 3
476 3008 542 3062 Gen.
562 3009 586 3072 1,
606 3007 716 3062 14-1e.

438 3161 453 3213 1
473 3159 552 3214 deum
570 3177 602 3216 co
763 3162 859 3227 quarte
877 3176 892 3214 c
1050 3160 1115 3213 solis
1134 3164 1162 3213 et
1179 3159 1260 3214 lunae
1280 3161 1400 3214 illuxisse
1418 3162 1434 3214 b

370 3245 577 3300 tuiciensem.
596 3262 611 3300 c
714 3247 732 3299 3
750 3246 875 3299 domiuus
893 3247 964 3299 dixit
981 3246 1004 3308 b,
1022 3247 1063 3299 eit
1081 3246 1177 3300 deuse
1287 3247 1304 3300 4
1323 3247 1363 3299 its
1381 3250 1413 3300 nt
1431 3247 1502 3300 luce-

370 3333 419 3384 snt
435 3333 459 3395 b,
478 3332 548 3384 sicut
565 3332 674 3400 perient
692 3348 714 3396 c,
734 3331 805 3384 sicut
823 3335 969 3399 appareant
990 3335 1021 3394 G,
1040 3336 1152 3400 pereant
1175 3333 1202 3386 U
1331 3333 1349 3384 5
1367 3333 1396 3384 in
1415 3332 1501 3399 signis

369 3418 398 3469 et
415 3416 444 3470 in
463 3415 557 3471 diebus
575 3420 603 3471 et
620 3418 648 3470 in
667 3416 802 3471 mensibus
821 3417 895 3471 etin
912 3417 1078 3487 temporibus
1096 3420 1124 3471 et
1142 3419 1170 3471 in
1188 3418 1265 3471 suuis
1283 3435 1298 3473 c
1401 3418 1418 3471 6
1437 3417 1500 3470 soli·

369 3498 496 3555 dumento
514 3503 537 3565 b,
556 3503 727 3565 fimumento
746 3519 776 3557 co
896 3505 979 3572 eico]
998 3505 1068 3558 sice
1190 3504 1358 3560 etsIc...l.
1377 3507 1498 3561 enectis

369 3587 420 3638 etc.
438 3602 489 3641 orn.
508 3604 523 3642 c
650 3589 684 3642 13
700 3590 811 3656 propter
830 3588 880 3641 hoc
898 3605 960 3657 crgo
979 3589 1002 3651 b,
1021 3589 1165 3658 posthaec
1184 3588 1256 3642 enim
1274 3590 1395 3644 breuiter
1411 3590 1497 3645 dicem

368 3671 472 3741 quode
572 3674 734 3742 spititumb
835 3674 868 3727 14
886 3674 1016 3743 siugulos]
1034 3675 1063 3727 in
1081 3676 1198 3729 coelisb
1292 3691 1397 3744 quoque
1416 3693 1499 3730 annos

368 3758 513 3812 secundum
536 3774 643 3812 cursum
667 3760 747 3812 lnnee
765 3761 998 3827 (wmputsnerunt
1015 3760 1122 3827 supplet
1147 3761 1195 3829 W)
1214 3776 1359 3829 numquam
1379 3762 1500 3815 fecerunt

365 3844 465 3913 pasche
483 3847 547 3898 ente
565 3845 626 3900 XII.
650 3844 705 3899 kal.
724 3861 795 3916 spu:
814 3861 880 3914 quse
897 3845 962 3899 ldns
979 3849 1043 3899 neta
1061 3847 1089 3899 in
1108 3845 1177 3901 VIII
1201 3847 1237 3901 id.
1256 3851 1336 3901 mort.
1354 3847 1437 3901 XIIII
1458 3853 1499 3902 est

366 3930 395 3982 tn
413 3929 454 3983 III
471 3931 536 3998 (XII
560 3931 607 3997 W)
631 3931 685 3983 kcl.
704 3946 776 3998 eps:
794 3947 853 3985 cum
872 3945 924 3998 quo
942 3935 999 3984 tem
1020 3947 1148 4000 magnum
1167 3932 1285 3986 officium
1299 3933 1389 3988 fueret
1401 3935 1499 4003 edepte

368 4013 616 4085 (cs.253,15)ss'c
633 4016 705 4070 benc
719 4016 878 4083 periochem
896 4016 1034 4071 exbibete
1127 4018 1160 4071 15
1178 4016 1266 4072 dieib
1361 4019 1394 4072 18
1411 4020 1440 4072 iu
1460 4019 1500 4072 III

366 4101 395 4154 et
411 4099 437 4153 X
454 4103 482 4157 et
499 4100 539 4156 lx
562 4101 600 4156 W
688 4101 724 4156 20
741 4101 854 4156 XVIIb
947 4101 1149 4159 secedunt
1244 4102 1353 4158 241111
1371 4108 1496 4173 quartum

365 4185 391 4250 b,
408 4190 568 4254 qnertemo
