3720 4920
707 359 753 415 lle
776 358 1039 430 Rebaptismate
1061 376 1085 415 c.
1103 361 1182 417 6-9,
1477 366 1519 431 79

381 537 498 582 necesse
520 523 566 581 est
587 518 638 580 ubi
659 522 689 580 et
703 519 816 594 quando
831 521 861 579 et
874 518 1112 594 quemadmodum
1126 517 1280 592 unicuique
1294 522 1425 578 nostrum
1440 519 1520 579 salue

380 624 421 685 sit
440 622 581 697 praestita
602 622 762 681 rationibus
784 621 1001 694 inuestigemus.
1024 637 1147 694 namque
1168 624 1268 679 natum
1290 637 1352 681 esse
1368 623 1520 684 Dominum

379 731 511 788 nostrum
526 729 555 786 et
570 724 716 785 Christum
731 741 795 784 esse
810 742 874 784 eum
888 725 990 783 multis
1005 720 1169 784 rubonibus
1184 742 1203 782 a
1217 723 1368 797 discipulis
1383 724 1445 784 eius
1460 743 1516 786 uon

379 829 524 888 immerito
545 827 623 887 credi
644 827 806 898 uidebatur,
830 827 905 899 quod
920 843 954 885 er
969 825 1048 886 tribu
1063 827 1144 904 que,
1163 827 1237 900 quod
1255 843 1410 900 exgenere
1426 826 1520 886 Dauid

359 931 512 1005 equodque
527 929 559 988 in
574 928 693 989 ciuitate
708 925 860 988 Bethleem
876 928 981 989 fuisset
996 931 1082 987 natus
1098 930 1128 987 ot
1143 929 1219 1002 quod
1233 928 1400 1001 pastoribus
1414 928 1451 987 ab
1466 946 1519 988 an·

378 1031 453 1106 gelis
475 1030 607 1103 quoniam
629 1030 758 1089 saluatur
777 1029 838 1088 illis
859 1034 944 1089 natus
965 1033 1044 1090 osset
1064 1031 1163 1090 eodem
1183 1033 1327 1089 momente
1348 1031 1453 1089 fuisset
1467 1047 1518 1089 an·

379 1132 538 1204 nuntiatus,
555 1149 611 1206 quo
627 1131 657 1189 in
671 1131 780 1192 oriente
795 1132 859 1191 uisa
873 1131 935 1191 eius
950 1130 1035 1191 stella
1050 1131 1259 1191 sollicitissime
1274 1130 1380 1191 fuisset
1393 1149 1412 1189 a
1426 1132 1520 1206 magis

379 1234 539 1307 requisitus
559 1238 589 1294 et
609 1234 745 1294 adoratus
767 1237 798 1294 et
818 1233 980 1293 illustribus
1008 1233 1091 1292 donis
1112 1237 1144 1291 et
1171 1233 1336 1306 insignibus
1352 1234 1519 1294 muneribus

380 1337 548 1407 honoratus,
564 1335 640 1409 quod
654 1352 725 1409 puer
738 1335 888 1394 admodum
904 1334 934 1392 in
949 1334 1057 1407 templo
1073 1335 1178 1393 sedens
1192 1351 1256 1393 cum
1268 1333 1343 1407 legis
1355 1334 1520 1394 doctoribus

346 1463 372 1503 ιο
381 1440 536 1512 prudenter
556 1441 587 1497 et
607 1454 671 1496 cum
693 1436 882 1497 admiratione
906 1437 1033 1496 omnium
1049 1437 1237 1510 disputasset,
1253 1438 1328 1511 quod
1343 1453 1407 1495 cum
1422 1437 1519 1510 bapti·

381 1543 504 1612 zeretur,
520 1539 563 1597 ita
577 1541 610 1596 ut
624 1539 698 1598 nulli
712 1539 763 1597 alii
779 1539 947 1612 contigerat,
969 1539 1058 1597 caelis
1074 1539 1183 1611 apertis
1198 1537 1383 1597 descensione
1399 1539 1520 1610 spiritus

380 1642 474 1700 sancti
495 1643 526 1699 et
546 1657 632 1714 super
657 1657 721 1699 eum
747 1640 892 1700 mansione
918 1640 1083 1699 testimonio
1104 1639 1192 1698 etiam
1212 1639 1305 1713 patris
1328 1639 1375 1698 sui
1395 1639 1521 1716 itemque

380 1743 498 1802 Ioannis
519 1743 666 1815 baptistae
686 1742 790 1802 fuisset
814 1742 1005 1813 clarificatus,
1033 1743 1109 1816 quod
1129 1758 1216 1815 supra
1236 1743 1390 1802 humanam
1411 1744 1521 1803 medio·

380 1844 513 1904 critatem
525 1846 611 1904 corda
622 1847 652 1903 et
663 1842 851 1916 cogitationes
863 1843 1062 1902 uniuersorum
1074 1841 1262 1916 intelligeret,
1279 1843 1355 1916 quod
1367 1843 1521 1916 languores

348 1949 412 2008 raet
425 1946 498 2004 uitia
514 1948 543 2004 et
564 1946 748 2006 ualetudines
768 1962 833 2004 cum
853 1948 995 2018 potestate
1016 1944 1142 2003 maxima
1161 1948 1276 2004 curaret
1296 1948 1382 2019 atque
1397 1949 1522 2016 sanaret,

383 2049 459 2122 quod
490 2048 674 2107 remissiones
702 2050 883 2121 peccatorum
913 2064 977 2106 cum
1007 2046 1135 2105 euidenti
1161 2047 1327 2121 probatione
1351 2049 1522 2120 praestaret,

383 2152 459 2225 quod
481 2149 631 2209 daemonia
651 2148 733 2209 iussu
755 2148 918 2224 expelleret,
935 2150 1010 2224 quod
1025 2150 1155 2223 leprosos
1169 2151 1256 2208 uerbo
1270 2151 1431 2222 mundaret,
1447 2149 1523 2224 quod

382 2268 486 2324 aquam
507 2251 538 2309 in
559 2252 658 2310 uinum
685 2252 874 2312 conuertenda
898 2250 1061 2310 conuiuium
1082 2251 1211 2324 nuptiale
1232 2251 1395 2310 admirabili
1409 2249 1523 2310 laetitia

382 2353 588 2429 amplificaret,
610 2355 687 2428 quod
709 2353 801 2413 caede
824 2353 962 2413 uisionem
985 2352 1154 2413 restitueret
1174 2355 1226 2412 aut
1247 2353 1424 2426 indulgeret,
1447 2354 1523 2426 quod

286 2460 288 2462 ’
348 2478 375 2519 so
384 2455 543 2513 doctrinam
564 2455 657 2528 patris
673 2471 737 2514 cum
752 2454 828 2513 omni
850 2454 954 2512 fiducia
968 2457 1119 2524 assereret,
1141 2454 1218 2526 quod
1232 2453 1262 2511 in
1283 2453 1345 2511 loco
1361 2454 1473 2512 deserto
1488 2453 1523 2512 de

382 2555 508 2630 quinque
535 2555 659 2629 panibus
686 2555 810 2630 quinque
832 2556 914 2614 milia
938 2555 1086 2615 bominum
1106 2556 1262 2627 saturaret,
1289 2555 1365 2627 quod
1385 2553 1523 2628 reliquiae

359 2654 362 2660 “
382 2658 467 2729 atque
484 2657 628 2716 buccellae
640 2657 801 2730 plusquam
812 2655 959 2715 duodecim
975 2656 1111 2729 cophinos
1127 2655 1289 2728 implerent,
1306 2655 1382 2727 quod
1396 2658 1523 2714 mortuos

382 2773 435 2831 pro
450 2775 504 2817 sua
522 2758 631 2830 pietate
652 2758 760 2830 passim
775 2756 937 2827 suscitaret,
961 2758 1036 2831 quod
1051 2757 1148 2816 uentis
1163 2759 1194 2815 et
1208 2755 1281 2814 mari
1296 2758 1329 2814 ut
1344 2757 1524 2828 quiescerent

383 2859 549 2932 imperaret,
570 2859 646 2935 quod
666 2875 753 2932 super
773 2874 852 2919 mare
873 2859 995 2932 podibus
1009 2857 1179 2930 ambularet,
1195 2858 1271 2932 quod
1284 2856 1409 2917 uirtutes
1424 2873 1523 2917 omnes

349 2993 374 3033 rs
384 2971 499 3031 omnino
515 2971 687 3044 perficeret·

428 3072 538 3142 Quibus
553 3073 640 3132 rebus
655 3075 686 3131 et
699 3071 895 3132 buinsoemodi
916 3070 1112 3146 compluribus
1133 3069 1219 3129 iactis
1233 3070 1271 3130 ad
1286 3069 1447 3129 claritatem
1462 3069 1552 3130 eiust)

383 3174 597 3249 pertinentibus
618 3190 794 3248 consequens
814 3189 878 3233 esse
899 3173 1051 3232 uidebatur
1071 3175 1105 3231 ut
1119 3171 1357 3246 quemadmodum
1373 3171 1473 3231 Iudaei
1488 3172 1523 3230 de

384 3275 500 3337 christo
521 3275 660 3347 sentiunt,
686 3275 763 3349 quod
787 3278 885 3333 tamen
911 3275 946 3334 de
971 3275 1039 3334 Iesu
1067 3273 1181 3335 Christo
1202 3273 1323 3332 Domino
1348 3275 1446 3333 nostro
1468 3288 1524 3331 non

384 3379 514 3449 credunt,
541 3380 575 3437 ut
594 3378 682 3436 etiam
708 3376 766 3449 ipsi
789 3376 996 3447 existimarent,
1023 3380 1057 3435 ut
1082 3377 1152 3434 talis
1173 3378 1204 3436 et
1224 3378 1323 3434 tantus
1350 3375 1430 3433 nulla
1445 3374 1525 3434 obita

349 3484 476 3539 wmorte
495 3481 526 3538 in
548 3481 697 3538 aeternum
721 3482 895 3551 perseueret,
922 3480 951 3536 et
969 3493 1091 3550 regnum
1114 3477 1208 3537 lsrael
1228 3479 1259 3537 et
1279 3476 1370 3535 totius
1395 3475 1524 3534 urbisin

384 3585 554 3656 perpetuum
574 3581 651 3655 quod
671 3598 728 3641 non
750 3579 941 3652 corriperetur
961 3581 1131 3655 possideret.
1153 3578 1229 3639 unde
1244 3579 1333 3639 etiam
1347 3577 1448 3637 Iudaei
1462 3574 1525 3635 ausi

384 3686 503 3745 luerunt
529 3700 594 3742 eum
620 3699 720 3756 rapere
741 3686 773 3742 et
794 3681 825 3740 iri
850 3699 970 3756 regnum
995 3697 1139 3756 unguere:
1166 3683 1242 3756 quod
1268 3680 1383 3755 quidem
1407 3693 1523 3738 necesse

384 3786 489 3846 babuit
515 3785 566 3845 ille
593 3785 813 3859 subterfugere:
836 3801 869 3844 ac
890 3787 1043 3858 propterea
1070 3782 1205 3857 discipuli
1228 3783 1289 3843 eius
1311 3780 1525 3840 arbitrabantur

455 4067 471 4120 ι
490 4025 542 4137 quo
560 4067 668 4136 omps,
687 4066 758 4137 quor
776 4066 835 4123 ceu.
853 4072 912 4121 ev
1010 4067 1045 4120 ee
1063 4065 1185 4120 essese
1202 4064 1263 4135 so.
1357 4063 1391 4118 ar
1410 4062 1526 4133 corripe-

384 4153 471 4223 retur]
484 4155 696 4223 corrumperetur
707 4154 777 4209 cont
791 4153 930 4208 Bubasius
1004 4152 1040 4205 32
1053 4151 1161 4206 merant
1174 4151 1235 4221 Rip.
1305 4149 1341 4203 33
1353 4147 1526 4219 superfugere

385 4240 459 4293 cosi.
478 4240 541 4309 Rip.
