3720 4920
366 355 450 405 CXVI

1433 504 1495 559 pag.

364 586 407 652 29
429 585 601 670 Cyprianus
615 585 804 669 presbyteris
820 587 853 651 et
867 585 1062 651 diaconibus:
1078 585 1126 650 Ne
1140 586 1216 667 quid
1231 583 1389 652 conscien-

511 696 591 760 tiam
631 742 1391 761 ...............
1434 693 1497 761 547

364 805 408 872 30
429 804 607 889 Presbyteri
622 806 655 871 et
668 804 911 871 diaconiltomae
918 803 1086 889 Cypriano:
1099 804 1295 888 Quamquam
1311 806 1390 873 bene
1432 806 1497 872 549

364 917 405 982 31
428 917 551 1000 Moyses
567 919 600 981 et
613 917 769 980 Maximus
788 967 794 979 .
810 965 816 977 .
831 965 838 978 .
856 914 1024 998 Cypriano:
1041 917 1129 981 Inter
1143 917 1282 982 uarios.
1327 967 1335 980 .
1381 965 1389 981 .
1433 916 1496 982 557

363 1027 407 1092 32
429 1024 601 1110 Cyprianus
615 1026 803 1109 presbyteris
818 1027 850 1089 et
864 1025 1062 1091 diaconibus:
1080 1025 1195 1105 Quales
1209 1026 1332 1093 litteras
1381 1073 1390 1091 .
1433 1025 1498 1091 565

363 1136 407 1201 33
429 1135 615 1221 (Cyprianus
630 1133 759 1218 lapsis):
773 1135 929 1200 Dominus
943 1137 1048 1201 noster
1057 1183 1389 1200 .......
1433 1135 1498 1200 566

363 1245 407 1312 34
428 1243 600 1330 Cyprianus
615 1245 801 1329 presbyteris
817 1248 849 1310 et
864 1245 1060 1310 diaconibus:
1078 1244 1206 1330 Integre
1273 1296 1280 1310 .
1327 1294 1334 1310 .
1380 1294 1388 1309 .
1432 1244 1496 1311 568

363 1357 407 1422 35
428 1355 601 1440 Cyprianus
616 1355 804 1439 presbyteris
820 1357 851 1420 et
866 1356 1047 1421 diaconibus
1056 1357 1190 1421 Romae:
1206 1356 1249 1420 Et
1263 1354 1389 1420 dilectio
1432 1356 1494 1420 571

362 1467 406 1532 36
429 1466 608 1550 Presbyteri
617 1466 648 1530 et
656 1465 796 1531 diacones
805 1466 922 1531 Romae
932 1464 1101 1549 Cypriano:
1115 1465 1389 1550 Cumperlegisse·

508 1595 580 1640 mus
633 1623 1387 1641 ...............
1431 1575 1496 1640 572

362 1685 403 1750 37
427 1683 598 1768 Cyprianus
612 1683 714 1768 Moysi
729 1686 761 1748 et
776 1684 928 1749 Maximo:
943 1686 986 1749 Et
1000 1686 1128 1751 cunctos
1163 1734 1171 1749 .
1218 1701 1226 1749 .’
1271 1733 1279 1750 .
1325 1733 1334 1749 .
1379 1733 1388 1747 .
1431 1685 1495 1750 576

263 1856 265 1862 .
362 1794 405 1860 38
427 1793 600 1878 Cyprianus
617 1795 805 1879 presbyteris
821 1798 854 1860 et
866 1795 1064 1860 diaconibus:
1089 1796 1126 1859 In
1143 1794 1388 1860 ordinationibus

508 1904 629 1970 clericis
682 1952 1383 1969 ..............
1428 1905 1492 1970 579

361 2014 405 2080 39
428 2012 598 2097 Cyprianus
614 2015 802 2099 presbyteris
818 2017 849 2081 et
865 2015 1017 2080 diaconis:
1033 2014 1239 2100 ignoscenda
1271 2065 1277 2079 .
1324 2065 1331 2079 .
1377 2063 1385 2080 .
1429 2014 1491 2079 581

360 2124 405 2188 40
426 2123 598 2208 Cyprianus
612 2124 799 2208 presbyteris
816 2127 846 2188 et
861 2125 1058 2190 diaconibus:
1073 2125 1291 2192 Nuntiandum
1322 2176 1329 2191 .
1377 2175 1383 2190 .
1428 2125 1492 2192 585

360 2235 402 2299 41
426 2232 598 2318 Cyprianus
623 2232 768 2299 Caldonio
798 2236 830 2298 et
845 2235 1047 2321 'Herculanoz
1077 2234 1284 2302 Vehementer
1313 2254 1386 2301 oon-

507 2344 654 2408 tristatus
681 2391 1384 2411 ..............
1429 2345 1492 2410 587

360 2452 404 2517 42
427 2451 593 2518 Caldonius
608 2472 680 2518 cum
695 2453 869 2518 Herculano
887 2502 895 2519 .
911 2503 917 2517 .
931 2476 961 2518 .:
977 2439 1226 2521 abstinuimus.
1271 2503 1279 2520 .
1326 2503 1333 2518 .
1378 2504 1386 2520 .
1429 2454 1495 2519 590

360 2561 404 2626 43
426 2561 598 2645 Cyprianus
613 2562 712 2642 plebi:
729 2559 925 2643 Quamquam
942 2562 964 2626 f.
981 2582 1007 2628 c.
1025 2563 1148 2629 Virbius
1161 2611 1385 2630 .....
1428 2563 1494 2628 590

360 2672 404 2736 44
426 2670 598 2754 Cyprianus
613 2670 769 2736 Cornelio:
785 2671 946 2736 Venerunt
960 2672 1000 2737 ad
1015 2691 1071 2738 nos
1112 2721 1383 2738 ......
1428 2673 1490 2740 597

360 2781 405 2846 45
415 2784 417 2788 ’
426 2779 598 2864 Cyprianus
613 2780 767 2866 Cornelio:
784 2779 873 2859 Quod
888 2783 987 2847 seruis
1003 2784 1054 2848 dei
1111 2831 1385 2848 ......
1429 2783 1493 2848 599

360 2891 404 2955 46
426 2888 598 2973 Cyprianus
612 2891 749 2957 Maximo
763 2892 797 2955 et
810 2891 1005 2956 Nicostrato:
1022 2891 1102 2957 Cum
1117 2892 1294 2974 frequenter
1324 2943 1331 2957 .
1376 2941 1384 2957 .
1429 2893 1493 2957 604

360 3001 402 3065 47
425 3000 597 3085 Cyprianus
612 2999 769 3067 Cornelio:
785 3002 827 3066 Et
843 3001 1026 3085 religiosum
1056 3050 1384 3067 .......
1428 3002 1493 3067 605

153 3119 155 3124 ’
236 3202 239 3208 ¹
359 3110 403 3175 48
426 3109 597 3194 Cyprianus
612 3110 769 3176 Cornelio:
784 3112 861 3197 Legi
872 3112 995 3177 litteras
1005 3115 1077 3178 tuas
1090 3112 1111 3177 f.
1123 3131 1149 3178 c.
1161 3131 1238 3195 quas
1249 3132 1303 3196 per
1313 3113 1385 3178 Pri-

507 3221 658 3286 mitiuum
686 3271 1385 3289 ..............
1430 3223 1494 3290 606

359 3331 404 3397 49
427 3330 586 3397 Cornelius
601 3331 767 3416 Cypriane:
784 3330 941 3411 Quantam
956 3333 1225 3398 sollicitudinem.
1271 3384 1279 3399 .
1324 3381 1332 3398 .
1378 3383 1385 3397 .
1430 3333 1493 3398 608

360 3441 405 3507 50
426 3440 586 3508 Cornelius
600 3441 767 3526 Cypriane:
783 3441 832 3507 Ne
847 3443 923 3524 quid
938 3443 1042 3508 minue
1056 3491 1385 3508 .......
1430 3444 1494 3508 613

360 3549 402 3615 51
426 3548 598 3634 Cyprianus
614 3550 768 3617 Cornelio:
783 3553 826 3617 Et
841 3553 941 3635 egisse
956 3570 1012 3618 nos
1056 3600 1385 3618 .......
1429 3554 1494 3618 614

360 3660 404 3726 52
426 3659 597 3744 Cyprianus
613 3661 767 3727 Cornelio:
784 3663 826 3728 ut
841 3681 913 3727 cum
928 3663 1094 3746 diligentia
1112 3709 1385 3728 ......
1431 3663 1494 3730 616

360 3770 404 3836 53
425 3770 582 3835 Maximus
598 3771 741 3854 Vrbanus
760 3770 976 3855 ..Cypriano:
993 3772 1078 3838 Certi
1109 3819 1385 3840 ......
1429 3776 1494 3842 620

360 3880 404 3947 54
426 3879 598 3965 Cyprianus
612 3881 749 3947 Maximo
764 3879 889 3948 Vrbano
910 3883 1080 3946 ..:Lectis
1095 3882 1211 3948 litteris
1269 3933 1276 3947 .
1322 3930 1330 3947 .
1377 3932 1383 3946 .
1430 3886 1492 3951 621

359 3991 402 4058 55
425 3990 596 4075 Cyprianus
612 3992 806 4057 Antoniano:
822 3993 938 4074 Accepi
953 3993 1071 4074 primas
1113 4040 1386 4059 ......
1430 3996 1494 4062 624

359 4101 402 4169 56
425 4100 597 4186 Cyprianus
612 4102 785 4169 Fortunato
800 4103 959 4185 Ahymmo
978 4103 1222 4187 ..zScripsistis
1237 4105 1317 4170 mihi
1377 4153 1386 4169 .
1431 4107 1494 4172 648

357 4212 401 4278 57
425 4200 596 4297 Cyprianus
611 4213 765 4279 Liberalis
853 4212 1010 4280 Cornelio:
1027 4213 1281 4281 statueramus.
1325 4263 1333 4279 .
1379 4264 1388 4281 .
1432 4217 1497 4283 650
