3720 4920
846 331 1037 397 Epistulae.
1441 335 1506 396 277

374 505 475 560 ergo,
498 491 621 560 pater,
660 491 697 545 ut
719 490 877 546 credant
900 490 1072 560 quoniam
1096 493 1133 546 tu
1163 505 1213 545 mo
1235 488 1388 546 misisti.
1412 490 1506 560 gaude

374 607 442 664 ergo
459 590 535 651 unde
549 590 601 651 ille
616 594 732 651 coactrm
745 595 790 651 est
805 592 892 662 flere,
916 610 952 652 ne
969 592 1094 651 uideatis
1109 592 1300 651 dormientum
1316 591 1507 652 felicitatibus

376 691 513 753 inuidere.
529 693 565 751 ab
582 694 676 753 alieno
692 696 799 752 mundo
814 695 851 752 ad
867 696 1014 768 proprium
1030 694 1181 765 transiuit,
1205 695 1343 753 transiuit
1356 696 1392 753 ad
1409 695 1507 754 Domi·

377 811 454 866 num,
471 796 501 854 et
523 795 559 854 de
574 794 676 854 hostili
691 796 789 867 patria
810 797 846 856 ad
861 800 1011 868 paternam
1033 797 1157 870 patriam
1183 796 1330 869 migrauit,
1359 795 1509 869 migrauit

355 896 414 956 aad
436 897 546 956 caelum
567 898 681 957 dicente
703 898 851 971 apostolo:
883 899 1034 968 scimus,
1059 898 1167 972 inquit,
1184 901 1356 971 quoniam
1378 900 1411 957 si
1433 903 1509 957 tor·

375 1015 465 1058 rona
486 1001 612 1059 domus
641 1003 776 1060 nostra
808 1001 917 1060 huius
950 1002 1119 1074 corporis
1152 1001 1382 1074 resoluatur,
1417 1002 1510 1075 quod

376 1101 653 1161 habitationem
689 1104 869 1163 habemus
906 1121 976 1163 non
1010 1122 1116 1163 manu
1149 1104 1287 1163 iactam
1321 1104 1357 1162 in
1390 1104 1512 1163 caelis

376 1206 573 1264 aeternam.
598 1205 691 1263 caruit
705 1222 774 1279 ergo
790 1208 874 1266 domo
889 1223 975 1281 quam
990 1223 1043 1265 nec
1058 1223 1141 1266 nosse
1156 1205 1302 1266 debuerat.
1318 1207 1412 1266 caruit
1426 1207 1512 1266 malis

377 1306 498 1377 ciuibus,
524 1324 644 1380 quorum
675 1308 741 1367 odia
769 1311 944 1380 sustinebat,
970 1326 1006 1368 ne
1028 1311 1123 1369 adhuc
1136 1310 1372 1382 peregrinaretur
1386 1310 1417 1367 in
1433 1312 1513 1367 terra

344 1434 369 1473 ιο
378 1409 531 1480 contraria,
554 1409 630 1469 sicut
652 1411 800 1484 apostolus
824 1414 962 1470 memorat
985 1412 1100 1471 dicens:
1132 1410 1305 1485 quamdiu
1327 1429 1453 1470 sumus
1476 1412 1512 1469 in

377 1511 527 1570 saeculo
550 1512 837 1585 peregrinamur
859 1533 877 1573 a
898 1515 1061 1574 Domino.
1084 1533 1140 1574 non
1163 1515 1246 1573 nobis
1261 1531 1330 1588 ergo
1345 1511 1432 1574 debet
1447 1513 1511 1571 luc·

377 1615 425 1670 tus
439 1613 620 1683 incumbere,
647 1613 782 1686 quisquis
797 1632 814 1672 a
829 1616 1063 1688 peregrinatione
1079 1616 1172 1675 redire
1194 1617 1299 1674 meruit
1314 1617 1351 1673 ad
1365 1614 1513 1688 propriam

378 1715 532 1786 regionem,
548 1716 670 1774 manime
685 1732 749 1774 cum
764 1732 822 1774 non
838 1716 932 1775 inanis
948 1722 979 1776 et
993 1735 1101 1777 uacuus
1114 1717 1207 1775 redire
1219 1720 1353 1776 noscatur
1370 1714 1420 1789 qui
1435 1715 1513 1774 chri·

378 1815 537 1874 stianitatis
559 1820 704 1876 mercatus
726 1822 773 1876 est
795 1819 917 1890 lucrum,
940 1823 1056 1894 propter
1079 1820 1152 1892 quod
1175 1817 1256 1877 uenit
1271 1819 1307 1876 ad
1323 1818 1420 1877 mundi
1437 1833 1515 1876 com·

345 1919 524 1985 1⁵meroium.
541 1922 688 1993 negotium
704 1922 871 1994 explicarit,
888 1923 976 1980 rediit
991 1926 1021 1980 ot
1035 1922 1094 1981 Deo
1109 1922 1237 1981 debitum
1252 1920 1349 1980 soluit.
1366 1937 1514 1993 compara·

380 2023 423 2079 uit
438 2027 554 2095 propter
569 2042 655 2098 quam
671 2025 858 2083 descenderat
873 2024 1043 2095 emptionem
1060 2026 1088 2082 ot
1099 2025 1135 2081 ad
1156 2023 1307 2081 Dominum
1317 2023 1432 2095 regredi
1447 2038 1514 2094 pro·

380 2124 500 2196 perauit,
526 2125 572 2183 cui
587 2127 688 2184 offerat
703 2141 836 2197 mercem,
864 2131 896 2183 ut
924 2128 1107 2197 comparatae
1130 2125 1233 2183 mercis
1254 2127 1315 2182 tam
1330 2123 1515 2183 securitatem

380 2227 477 2298 capiat
491 2244 576 2300 quam
592 2228 736 2287 bonorem.
760 2230 791 2286 ot
805 2243 870 2300 ego,
886 2227 1008 2300 inquies,
1024 2227 1106 2285 nulla
1116 2227 1337 2299 promissionum
1348 2225 1516 2285 caelestium

383 2327 558 2386 dubitatione
574 2329 737 2399 conturbor,
767 2330 818 2386 sed
834 2327 897 2387 sola
911 2329 1092 2401 separatione
1107 2327 1255 2387 morientis
1270 2330 1407 2387 aestuans
1433 2328 1516 2386 deso·

348 2456 375 2497 20
384 2429 462 2488 latus
473 2429 578 2489 solacio
590 2430 631 2504 pii
644 2430 774 2504 pignoris
789 2431 890 2489 iactor.
906 2431 1051 2490 excusatio
1063 2432 1108 2488 est
1122 2430 1202 2502 haec,
1219 2429 1376 2499 benedicte,
1389 2429 1451 2487 sine
1463 2429 1517 2486 du·

454 2646 466 2695 l
488 2644 526 2696 Io.
548 2645 588 2706 11,
605 2643 648 2697 42.
753 2643 817 2697 511
835 2643 894 2697 Gor.
912 2644 939 2704 ὃ,
959 2644 982 2695 1.
1090 2643 1123 2696 10
1141 2642 1171 2695 ΙΙ
1189 2641 1250 2697 Cor.
1268 2644 1293 2705 5,
1312 2644 1339 2697 6.

454 2850 468 2901 1
488 2864 551 2916 ergo
568 2851 646 2915 putor
665 2865 717 2902 ora.
736 2850 782 2916 Zp
870 2848 1008 2916 quoniam]
1028 2848 1092 2914 quia
1110 2846 1170 2899 Zbe
1255 2845 1367 2913 misisti]
1383 2845 1452 2899 ,aaa
1471 2847 1518 2899 bo:

384 2936 425 2988 ait
443 2934 517 2987 clara
534 2949 610 2987 noce:
630 2933 730 2986 Lauare
747 2934 822 3002 prodi
841 2933 921 2987 sorae.
940 2936 968 2986 ot
986 2933 1089 2985 iactum
1109 2932 1158 2984 est.
1326 2930 1441 2999 gaudere
1460 2946 1522 2998 ergo

386 3021 465 3074 debes
484 3021 524 3074 Ze
656 3020 733 3090 ine]
753 3022 785 3074 ut
802 3037 826 3083 r,
844 3035 877 3074 ne
896 3025 927 3073 tu
946 3019 1044 3072 saltam
1061 3019 1080 3072 b
1211 3015 1374 3069 dormientis
1390 3016 1451 3069 Zbo

386 3108 404 3160 3
422 3107 456 3159 ad
474 3123 524 3159 oar.
542 3108 598 3174 rpb
739 3105 871 3159 transinit
889 3121 940 3157 om.
959 3105 1014 3173 rpb
1156 3103 1174 3155 4
1191 3102 1225 3155 sd
1243 3103 1383 3171 paternam
1402 3101 1518 3168 patriam

386 3207 437 3246 om.
454 3191 473 3243 b
575 3191 696 3245 alimur
712 3190 846 3258 migrauit
865 3190 972 3252 caldidi,
992 3205 1042 3243 ona
1062 3188 1158 3256 erlao
1260 3186 1277 3239 5
1296 3186 1395 3239 sumus
1406 3225 1412 3236 .
1423 3226 1430 3238 .
1443 3185 1476 3239 ,1.
1489 3190 1524 3238 10

386 3278 521 3331 contraria
538 3293 589 3331 om.
608 3277 626 3331 b
764 3276 781 3329 6
800 3274 960 3341 resoluatur]
980 3276 1133 3326 reseruatur
1151 3293 1170 3341 μ
1302 3271 1320 3324 8
1338 3273 1476 3324 aeternam
1494 3270 1522 3322 iu

386 3363 468 3417 caelis
486 3363 527 3416 Ze
631 3361 708 3415 domo
726 3377 776 3413 orn.
795 3377 831 3428 op
931 3362 1022 3413 careat
1038 3375 1075 3427 cp
1172 3357 1249 3425 fine]
1268 3356 1358 3409 necZ
1450 3370 1523 3423 pere-

387 3450 546 3518 grineretp
641 3448 675 3501 10
692 3447 811 3516 sioutip
912 3444 1210 3513 quamdiu...domino
1228 3442 1324 3496 0an
1424 3441 1456 3494 ll
1474 3441 1524 3493 hoc

387 3534 492 3587 saeculo
510 3533 572 3587 Zbo
699 3547 763 3600 ergo
780 3530 858 3584 nobis
877 3531 980 3583 luctum
997 3528 1077 3582 debet
1094 3530 1112 3581 b
1246 3527 1279 3581 12
1297 3528 1417 3580 incutere
1435 3546 1464 3594 p,
1482 3527 1524 3578 in-

388 3620 511 3674 cuteret
622 3617 753 3686 quisquis]
774 3616 917 3684 quisquam
937 3630 997 3668 cum
1015 3616 1034 3668 b
1143 3611 1238 3681 redire]
1258 3611 1323 3665 add.
1343 3632 1378 3680 p:
1397 3615 1524 3664 noscatur

389 3706 436 3774 qui
455 3703 667 3759 christianitatis
689 3704 823 3757 mercatus
846 3702 946 3756 meruit
965 3701 999 3753 ad
1018 3700 1151 3769 propriam
1170 3698 1316 3766 regionem,
1336 3714 1398 3765 exp.
1416 3714 1452 3750 ra.
1470 3701 1491 3750 2

389 3791 516 3844 meruerit
534 3789 593 3844 Zbo
699 3790 733 3842 13
750 3787 851 3841 rediret
868 3788 894 3841 Z
995 3787 1123 3839 noscatur
1140 3784 1189 3852 qui
1206 3799 1257 3837 om.
1273 3783 1300 3837 Z
1404 3783 1437 3836 14
1455 3797 1525 3834 rnor-

391 3877 475 3944 catus]
496 3877 631 3929 increatus
648 3895 668 3943 μ
791 3873 877 3941 uenit]
895 3870 1068 3927 descenditb
1196 3870 1230 3923 15
1247 3868 1389 3937 negotium
1401 3909 1408 3920 .
1419 3907 1425 3917 .
1436 3907 1442 3918 .
1454 3866 1471 3919 l.
1493 3872 1526 3918 la·

390 3962 519 4015 honorem
537 3961 625 4015 emb
746 3957 818 4011 rodit
836 3959 863 4011 Z
986 3955 1171 4025 comparuitr
1291 3953 1324 4007 17
1344 3952 1526 4020 comparatas]

391 4061 579 4114 eomparomp
679 4044 713 4098 18
731 4044 849 4112 accipiat
865 4044 908 4097 Za
1000 4042 1167 4110 inquietisp
1266 4038 1458 4107 promissorum
1476 4053 1493 4090 a·

393 4133 426 4186 19
444 4131 593 4200 morientis]
613 4129 773 4184 dormientis
790 4130 809 4184 b
949 4130 1060 4181 extuans
1079 4127 1105 4180 Z
1240 4123 1277 4176 20
1293 4123 1333 4191 pii
1350 4124 1393 4186 bo,
1411 4137 1461 4176 eoa
1482 4137 1528 4190 ep,

392 4218 434 4288 spi
452 4219 479 4273 Z
546 4216 668 4286 pignoris
687 4216 748 4270 Zbo
764 4221 797 4270 at
814 4215 881 4269 sotei
952 4212 1017 4267 haee
1035 4215 1111 4267 esto
1180 4209 1329 4265 benedicite
1346 4225 1370 4272 r,
1383 4224 1433 4264 ora.
1452 4208 1493 4262 Zo
