3720 4920
723 342 772 399 De
788 343 1010 416 Spectaculis
1033 360 1055 400 c.
1074 344 1152 400 5-7.
1493 345 1515 412 9

361 500 393 560 iu
407 501 484 561 illud
498 501 618 576 pudoris
634 502 744 578 publici
759 501 952 579 lupanarium,
973 505 1011 565 ad
1025 505 1231 566 obscoenitatis
1244 506 1456 580 magisterium,
1476 520 1514 565 ne

361 604 432 678 quid
453 606 564 664 secreto
586 604 685 664 minus
706 609 812 680 agatur
831 624 917 681 quam
938 608 1014 682 quod
1035 609 1066 667 in
1086 608 1202 682 publico
1224 609 1364 669 discitur:
1386 612 1416 669 et
1437 609 1515 668 iuter

362 706 442 781 ipsas
466 704 548 780 leges
573 707 692 767 docetur
717 707 853 782 quicquid
879 709 993 784 legibus
1021 710 1215 769 interdicitur.
1239 710 1311 784 quid
1337 710 1415 770 intsr
1439 710 1511 769 haec

363 806 541 867 christianus
559 808 654 868 fidelis
675 809 746 868 lacit
767 811 812 870 cui
832 812 907 871 uitia
925 828 983 872 non
1003 810 1072 871 licet
1093 829 1147 872 nec
1166 813 1307 887 cogitare,
1327 813 1399 886 quid
1413 811 1509 872 oblec-

339 914 444 975 ututur
468 912 633 973 simulacris
651 913 801 988 libidinis,
828 916 913 975 utin
935 916 1008 989 ipsis
1029 916 1160 990 deposito
1180 915 1353 975 uerecundia
1375 914 1511 974 audacior

359 1013 412 1073 ilat
432 1014 469 1074 ad
493 1015 634 1075 crimina?
656 1016 743 1076 discit
762 1020 793 1077 et
815 1017 909 1078 facore
931 1021 998 1078 dum
1018 1018 1181 1079 consuescit
1196 1018 1305 1077 uidere.
1328 1015 1397 1076 illas
1412 1019 1510 1076 tumen

360 1134 433 1191 quas
466 1116 626 1178 infelicitas
657 1137 711 1178 sua
742 1119 773 1178 in
810 1123 980 1182 seruitutem
1015 1121 1166 1195 prostituit
1201 1119 1335 1179 libidinis
1375 1117 1509 1194 publicae

360 1218 486 1279 occultat
508 1217 590 1280 locus
615 1221 645 1279 et
670 1221 794 1282 dedecus
814 1240 897 1282 suum
913 1224 948 1283 de
963 1222 1085 1283 latebris
1110 1222 1313 1282 consolantur:
1336 1221 1510 1281 erubescunt

360 1320 453 1380 uideri
467 1320 556 1381 etium
571 1339 644 1394 quae
659 1322 797 1396 pudorem
811 1325 1011 1385 uendiderunt.
1034 1327 1066 1384 at
1081 1325 1161 1384 istud
1175 1325 1324 1399 publicum
1349 1324 1510 1383 monstrum

326 1443 352 1482 ιο
361 1421 493 1482 omnibus
519 1423 685 1484 uidentibus
711 1426 823 1499 geritur
849 1430 878 1485 et
903 1427 1124 1500 prostitutarum
1150 1426 1293 1486 transitur
1307 1423 1507 1485 obscoenitusz

360 1525 526 1598 quaesitum
552 1528 598 1586 est
630 1529 771 1601 quomodo
802 1529 975 1590 adulterium
1001 1546 1036 1588 ex
1067 1527 1401 1589 oculis'sdmitteretur.
1441 1525 1509 1586 huic

360 1627 494 1687 dedecori
519 1627 692 1702 condignum
724 1630 848 1693 dedecus
874 1630 1085 1703 superducitur,
1120 1630 1205 1689 bomo
1239 1629 1350 1688 fractus
1376 1626 1509 1687 omnibus

360 1729 497 1789 membris
523 1732 553 1789 st
578 1729 627 1788 uir
651 1728 730 1789 ultra
756 1731 925 1791 muliebrem
953 1731 1104 1791 mollitiem
1125 1730 1301 1803 dissolutus,
1328 1731 1376 1790 cui
1398 1747 1445 1789 ars
1470 1729 1511 1789 sit

358 1831 449 1891 uerba
470 1831 603 1890 manibus
625 1832 773 1906 expedire:
799 1836 829 1891 et
848 1836 965 1907 propter
994 1851 1081 1892 unum
1107 1834 1202 1893 nescio
1225 1850 1311 1907 quem
1331 1849 1384 1890 nec
1411 1831 1506 1890 uirum

326 1947 415 1992 renes
434 1931 571 1991 feminum
590 1936 784 1993 commonetur
807 1933 913 1993 ciuitas
933 1936 996 1994 tota
1018 1937 1051 1992 ut
1066 1934 1247 1993 desaltentur
1261 1932 1411 1993 fabulosae
1426 1931 1505 1991 anti·

360 2032 505 2106 quitatum
519 2032 667 2094 libidines.
690 2035 733 2094 its
748 2038 860 2094 amatur
875 2034 1013 2109 quicquid
1027 2052 1084 2095 non
1098 2037 1169 2096 licet
1183 2039 1217 2096 ut
1231 2052 1306 2110 quas
1322 2035 1409 2094 etiam
1424 2034 1507 2093 aetas

359 2135 558 2206 absconderat,
574 2136 629 2194 sub
645 2135 745 2196 oculos
760 2138 898 2196 memoria
912 2139 1039 2197 reducat.

401 2236 469 2297 Non
489 2239 536 2296 est
555 2236 672 2296 libidini
691 2238 764 2296 satis
786 2236 870 2297 malis
892 2239 953 2298 suis
972 2236 1016 2297 uti
1040 2239 1257 2312 praesentibus,
1285 2236 1345 2296 nisi
1364 2254 1448 2297 suum
1470 2236 1537 2302 de?

358 2338 523 2412 spectaculo
543 2338 653 2399 faciant
667 2338 699 2397 in
713 2339 867 2412 quostiam
882 2343 962 2401 aetas
978 2340 1107 2414 superior
1122 2342 1277 2400 euenerat.
1293 2338 1443 2410 nonlicet,
1458 2338 1505 2397 iu·

323 2457 458 2515 coquam,
479 2440 580 2499 adesso
596 2440 764 2500 christianis
780 2440 922 2511 fidelibus,
944 2458 1000 2500 non
1020 2441 1090 2501 lieet
1110 2443 1224 2502 omuino
1239 2457 1291 2501 neo
1306 2439 1368 2500 illis
1382 2457 1454 2514 quos
1469 2442 1506 2499 ad

357 2542 559 2630 delinimenta⁵
572 2542 684 2601 aurium
705 2544 742 2601 ad
762 2559 859 2603 omnes
884 2542 989 2617 ubique
1012 2545 1132 2604 Graecia
1156 2545 1314 2605 instructos
1337 2543 1400 2602 suis
1422 2542 1507 2602 uanis

359 2644 472 2703 artibus
495 2643 598 2702 mittit.
622 2644 775 2719 clangores
796 2645 882 2704 tubas
905 2645 1023 2704 bellicos
1045 2645 1121 2705 ulter
1141 2646 1273 2705 imitatur
1292 2661 1404 2714 raucos,
1432 2643 1507 2703 ulter

354 2745 497 2820 {lugubres
517 2762 603 2805 sonos
624 2746 731 2819 spiritu
752 2745 854 2807 tibiam
868 2730 987 2807 inflante
1006 2748 1180 2819 moderatur,
1196 2748 1270 2807 ulter
1285 2763 1349 2805 cum
1365 2745 1462 2805 choris
1478 2745 1508 2804 st

429 2946 445 2999 1
470 2944 499 2998 iu
517 2944 536 2997 'u
555 2958 581 3011 p.
604 2941 708 3011 publici
725 2957 776 3011 tp,
799 2941 859 2997 illic
881 2943 915 2998 ud
938 2943 1067 3011 pudorem
1091 2942 1232 3012 publicum
1250 2944 1292 2999 Ze
1430 2943 1509 3014 lupa·

357 3043 457 3084 uarum
475 3029 508 3092 Ζ,
526 3027 665 3095 lupanaris
684 3027 750 3081 Bal.
854 3027 962 3096 2qnod
979 3045 1030 3082 orn.
1050 3029 1077 3081 Z
1190 3029 1298 3083 3iuter
1315 3028 1437 3097 haec]bic
1450 3029 1477 3082 Ζ

357 3115 377 3169 4
395 3113 463 3168 facit
480 3112 568 3167 fidelis
586 3112 880 3181 (christianonorum
981 3113 1039 3183 uec]
1057 3128 1112 3167 non
1127 3114 1154 3167 Ζ
1254 3114 1273 3168 5
1290 3113 1424 3182 libidinis]
1443 3112 1510 3181 quid

359 3197 491 3268 prospicit
509 3195 635 3250 libidines
654 3197 681 3250 Ζ
800 3199 863 3251 6et
880 3212 930 3252 orn.
948 3214 984 3265 τμ
1110 3197 1210 3252 illaec
1338 3197 1408 3251 ‘lad
1425 3197 1509 3252 serui·

357 3287 446 3340 tutem
464 3300 505 3347 rc,
522 3298 573 3337 om.
592 3284 620 3337 Z
722 3284 866 3352 prostituit
884 3299 929 3351 rp,
948 3283 1063 3337 inseruit
1081 3287 1109 3337 ot
1126 3284 1276 3351 prostrauit
1294 3285 1337 3337 Ze
1441 3283 1509 3337 libi·

355 3369 432 3425 dinis
450 3384 475 3438 p.
495 3383 520 3426 o.
538 3369 613 3423 locus
631 3384 675 3437 rp,
692 3367 821 3422 libidines
839 3368 960 3436 publicas
979 3368 1118 3422 occultunt
1135 3368 1217 3423 belua
1240 3368 1285 3422 uel
1297 3369 1339 3422 Ze
1359 3370 1417 3424 nisi
1433 3368 1509 3437 quod

359 3455 440 3510 belua
457 3453 503 3509 uel
520 3469 601 3509 orac
700 3452 848 3508 Blatobris
866 3469 945 3508 oms
1049 3454 1083 3509 10
1100 3453 1215 3524 geritur]
1233 3454 1440 3508 concurriturZ

358 3541 604 3610 prostitutorumr
708 3526 1013 3609 11qnom0d01qn‘op
1118 3555 1149 3593 ex
1166 3554 1217 3594 oca
1236 3541 1280 3595 Ze
1384 3538 1418 3593 12
1435 3555 1509 3593 cum·

360 3624 512 3695 dignump
625 3622 729 3678 fsrctus
748 3627 781 3692 μ’
893 3625 928 3679 13
945 3625 1083 3679 mulierem
1102 3626 1128 3678 Ζ
1242 3624 1391 3679 mollitiam
1408 3625 1455 3692 Ζμ

361 3712 753 3780 arssitccarsetpns2
828 3710 1022 3764 lieteraZ
1091 3709 1340 3783 16etiamousZ
1409 3708 1508 3763 liab-

360 3794 506 3850 scouditZ
575 3795 668 3850 oculos
685 3794 795 3862 scripsi,
814 3794 913 3849 occulis
925 3795 959 3858 Ζ,
977 3795 1115 3849 oculorum
1127 3809 1182 3863 rpc
1260 3795 1418 3848 memoriam
1431 3794 1473 3848 Ze

358 3880 555 3936 reducanturo
655 3879 689 3933 18
706 3878 830 3934 libidinis
846 3896 884 3948 rp
983 3879 1145 3935 suiectus·
1242 3880 1331 3948 suum]
1350 3895 1428 3933 usum
1447 3880 1474 3933 Ζ

362 3969 397 4023 19
414 3968 500 4021 iaciat
518 3969 560 4022 Ze
656 3967 742 4035 uetus}
762 3969 790 4020 et
807 3983 825 4022 a
841 3983 877 4036 rp
973 3965 1192 4035 superioribusr
1278 3966 1312 4020 21
1330 3965 1509 4021 delinimenta

361 4053 478 4121 aurium]
501 4053 635 4107 clemente
658 4051 766 4106 aurium
787 4051 990 4123 rppliuieudss
1013 4067 1090 4105 aures
1112 4050 1146 4115 Ζ,
1163 4050 1363 4106 oblectamenta
1380 4067 1439 4107 ac

360 4139 395 4194 sa
412 4139 480 4194 cuns
496 4155 534 4209 «μ
644 4137 680 4194 ss
697 4140 729 4192 ut
746 4124 917 4208 rumores
1025 4137 1096 4192 sors
1114 4153 1159 4208 sp,
1176 4136 1261 4192 uois
1278 4137 1305 4192 Ζ
1416 4137 1508 4192 moue-

361 4226 435 4278 retur
453 4225 480 4278 Ζ
581 4222 672 4280 choris
690 4227 719 4278 et
736 4239 798 4278 cum
815 4239 866 4278 om.
884 4224 911 4277 Z
