3720 4920
334 111 378 176 68
810 107 997 179 Appendix.

336 280 466 338 megno
492 263 637 338 agitata
657 264 774 324 mittit
798 281 949 340 grossos
970 281 1068 339 suos,
1095 267 1132 325 et
1151 265 1291 326 coelum
1312 266 1472 325 recessit

338 368 378 425 nt
403 365 502 424 liher
526 382 601 425 cum
627 365 851 438 inuoluitur,
879 371 916 426 st
940 367 1058 428 omnis
1083 370 1240 428 monost
1264 365 1405 427 insulse
1431 367 1472 427 de

335 470 431 532 locis
458 469 537 529 suis
563 470 680 528 motae
708 473 809 528 sunt:
832 471 868 529 et
894 485 1003 544 reges
1023 471 1199 529 terrsest
1220 468 1366 528 maximi
1392 471 1471 544 qui·

335 591 402 648 que
426 576 462 631 et
485 572 629 631 tribuni
656 575 691 631 et
716 573 860 631 diuites
881 576 918 631 et
942 571 1063 632 fortes
1084 570 1121 632 ct
1146 573 1262 632 omnis
1284 589 1414 631 seruus
1436 577 1472 632 st

334 674 433 736 liber
453 673 727 733 absconderunt
748 689 785 732 se
806 674 842 732 in
863 674 1057 747 speluncis
1083 677 1272 747 petrarum
1300 676 1336 731 ot
1361 674 1397 732 in
1418 691 1494 733 σει-ε

334 777 463 836 uernis
493 775 665 835 montium
695 774 863 834 dicentes
900 775 1089 839 montibus
1118 779 1153 835 et
1181 777 1318 850 petris:
1349 775 1472 835 cadite

336 894 531 952 supernos
552 879 588 935 et
609 876 826 935 abscondite
848 893 913 935 nos
936 894 954 935 a
976 880 1179 954 conspectu
1201 877 1325 950 patris
1347 877 1472 936 seden-

335 980 388 1038 tis
409 996 519 1053 super
540 979 709 1038 thronum
739 981 775 1038 st
796 978 838 1037 ab
861 977 916 1036 irc
937 978 1040 1052 agni:
1071 979 1240 1052 quoniam
1266 978 1370 1037 uenit
1392 979 1471 1036 dies

336 1080 593 1150 interitionis,
619 1082 655 1138 et
680 1079 762 1152 quis
787 1079 928 1152 poterit
963 1082 1087 1138 sture?
1116 1079 1183 1137 item
1209 1080 1240 1136 in
1270 1080 1367 1138 eadem
1392 1080 1471 1152 Apo-

336 1182 447 1256 calypsi
471 1183 527 1241 hoc
548 1196 659 1254 quoque
688 1180 808 1239 Ioannes
840 1179 911 1238 dicit
946 1179 1002 1238 sibi
1037 1180 1212 1239 reueletum:
1242 1180 1337 1249 uidi,
1367 1179 1512 1252 inquito-

336 1285 505 1344 thronum
534 1300 699 1357 magnum
728 1284 763 1340 et
791 1281 986 1341 candidum
1021 1282 1210 1341 sedentem
1246 1299 1356 1356 super
1385 1298 1472 1352 eum,

237 1370 240 1377 ¹
336 1386 481 1445 scuius
504 1385 601 1443 iacis
623 1383 723 1457 fugit
745 1383 885 1443 caelum
907 1387 943 1443 et
962 1387 1074 1456 terra,
1096 1387 1132 1443 et
1153 1384 1256 1444 locus
1279 1402 1398 1443 eornm
1420 1385 1471 1442 in-

336 1491 471 1546 uentus
500 1503 568 1545 non
605 1489 677 1544 est:
710 1486 745 1544 et
770 1485 850 1543 uidi
879 1487 1044 1553 mortuos
1072 1502 1222 1558 magnos
1249 1490 1284 1545 et
1310 1486 1473 1558 pusillos

337 1591 485 1647 stantes
508 1590 592 1646 ante
619 1588 853 1659 conspectum
878 1586 1175 1657 throniDomini,
1191 1586 1332 1645 etlihri
1348 1586 1470 1660 aperti

337 1693 492 1750 suntet
521 1689 620 1748 elius
649 1688 745 1747 liber
774 1690 927 1761 apertus
953 1691 1011 1747 ost
1040 1688 1101 1761 qui
1131 1692 1188 1747 est
1215 1687 1331 1748 uitso:
1361 1692 1397 1746 et
1422 1688 1507 1749 iu-1s

337 1791 456 1850 dicati
478 1793 564 1848 eunt
589 1787 732 1861 singuli
753 1788 950 1846 secundum
973 1806 1012 1847 es
1033 1805 1123 1861 quiae
1145 1788 1289 1861 scripta
1310 1792 1414 1847 erant
1438 1788 1473 1845 in

338 1892 436 1952 libro
470 1890 666 1951 secundum
702 1905 813 1963 opera
850 1890 1023 1962 ipsorum.
1062 1889 1113 1950 sed
1140 1892 1169 1948 et
1195 1890 1341 1963 apostolus
1368 1891 1473 1950 honum

339 1994 490 2054 consulens
512 1992 555 2050 sic
576 1993 707 2050 hortatur
732 2008 784 2049 nos
810 1991 922 2049 dicens:
950 2007 1050 2049 nemo
1076 2009 1139 2049 uos
1166 1992 1330 2064 decipiat
1356 1993 1475 2050 inani·

337 2096 404 2155 hus
433 2093 576 2151 uerbis:
606 2094 803 2165 propterea
825 2092 918 2150 enim
942 2092 1046 2150 uenit
1068 2092 1124 2150 ira
1145 2090 1210 2150 Dei
1234 2109 1342 2166 super
1365 2093 1474 2152 filios

338 2193 602 2265 contumaciae,
624 2192 742 2250 nolite
764 2209 843 2251 esse
866 2193 1075 2265 participes
1097 2210 1225 2252 eorum.
1481 2217 1507 2257 20

288 2311 328 2369 18
381 2305 488 2363 Demus
503 2303 593 2376 igitur
608 2302 677 2360 totis
693 2301 803 2360 uiribus
820 2301 885 2361 fidei
901 2304 1016 2361 nostrae
1031 2302 1091 2362 Deo
1106 2301 1229 2374 laudem,
1246 2303 1344 2361 demus
1360 2304 1472 2376 plenam

338 2405 561 2466 confessionem:
586 2401 814 2478 quandoquidem
836 2419 922 2477 super
943 2402 1122 2475 paenitentia
1141 2405 1241 2461 nostra
1255 2405 1397 2476 gaudeant
1412 2403 1472 2462 uir-

338 2509 417 2566 tutes
431 2506 583 2576 cselorum,
606 2504 751 2578 gaudeant
765 2503 861 2577 angeli
878 2519 986 2575 omnes,
1008 2504 1133 2578 modest
1147 2506 1177 2563 et
1192 2503 1334 2576 Christus,
1355 2506 1404 2578 qui
1420 2522 1472 2564 nos

338 2609 430 2669 denuo
445 2607 571 2682 peccatis
588 2608 720 2665 oneratos
734 2604 848 2664 delictis
865 2605 982 2665 obrutos
996 2604 1083 2678 plena
1093 2609 1123 2663 et
1134 2604 1268 2664 clementi
1280 2605 1473 2667 moderatione

326 2725 452 2789 ¹cessare
475 2726 493 2767 a
514 2707 641 2767 facinore
665 2709 795 2765 hortatur
821 2706 935 2766 diceus:
964 2706 1175 2766 conuertite
1201 2725 1265 2766 uos
1291 2710 1327 2767 et
1352 2709 1507 2768 reditess

338 2809 382 2871 ab
402 2808 666 2884 impietatibus
687 2807 838 2878 uestris,
860 2812 896 2867 et
917 2825 985 2867 non
1002 2809 1232 2867 eruntuobis
1247 2807 1474 2882 iniquitates

339 2916 487 2971 uestrae
514 2913 558 2970 ad
579 2926 739 2984 poenam.
765 2909 927 2982 proicite
948 2927 966 2968 a
989 2909 1095 2969 uobis
1116 2926 1237 2969 omnes
1258 2911 1473 2984 impietates

338 3016 489 3074 uestras
514 3030 604 3087 quas
629 3012 781 3071 fecistis
808 3012 1002 3070 aduersum
1023 3016 1125 3071 meet
1145 3012 1261 3072 facite
1287 3013 1393 3072 uobis
1414 3029 1473 3072 cor

338 3132 467 3175 nouum
498 3113 725 3188 etspiritum
754 3131 893 3173 nouum.
932 3117 1022 3174 etut
1052 3114 1137 3189 quid
1168 3132 1231 3175 uos
1261 3114 1371 3175 morti
1401 3119 1473 3173 trs·

339 3216 433 3276 ditis
463 3217 587 3275 domus
616 3215 758 3274 lsrael?
789 3232 857 3274 non
886 3215 981 3274 enim
1010 3217 1181 3275 desidero
1212 3220 1362 3276 mortem
1392 3233 1509 3291 pec-so

339 3319 492 3380 catoris.
523 3335 588 3391 ogo
614 3335 699 3389 sum,
731 3333 895 3390 egosum,
927 3317 989 3390 qui
1017 3317 1122 3377 deleo
1152 3317 1321 3377 facinora
1349 3321 1412 3378 tus
1437 3319 1474 3376 et

339 3438 408 3481 non
445 3419 750 3480 commemorabor
785 3422 836 3477 te:
868 3422 905 3477 tu
936 3422 1057 3478 autem
1087 3419 1123 3477 in
1152 3422 1271 3478 mente
1302 3421 1408 3492 habe,
1438 3424 1474 3479 st

339 3522 555 3582 iudicemus.
586 3521 707 3580 dictu
733 3521 904 3580 facinora
929 3525 992 3581 tus
1016 3521 1131 3596 prius,
1160 3526 1200 3580 ut
1229 3522 1473 3581 iustificeris.

340 3626 408 3686 dum
423 3627 519 3699 patet,
535 3623 657 3699 fratres,
672 3622 868 3698 indulgentiae
884 3623 996 3697 editus,
1011 3623 1102 3684 Deum
1117 3622 1211 3698 plenis
1226 3623 1473 3684 satisfactionibus

340 3728 533 3804 deprecemur.
549 3726 731 3785 humiliemus
746 3743 798 3785 nos
812 3727 845 3785 ut
859 3726 983 3786 exaltari
993 3727 1143 3800 possimus.
1166 3728 1378 3800 acquiescamus
1396 3727 1471 3786 diui-
1484 3743 1508 3784 ss

411 3892 445 3946 10
462 3894 544 3960 hpoc.
562 3891 605 3954 20,
623 3890 733 3945 11-13.
838 3890 872 3943 18
888 3889 956 3960 Eph.
975 3892 1001 3954 5,
1019 3891 1043 3944 6.
1062 3891 1086 3943 l.
1191 3891 1225 3945 25
1242 3891 1286 3945 hs.
1305 3894 1346 3957 18,
1364 3891 1475 3946 30-32.

341 3978 372 4033 31
392 3976 438 4032 Re.
456 3977 499 4041 43,
516 3978 559 4031 25.
577 3977 619 4030 26.
