3720 4920
500 346 545 400 De
563 344 818 414 singularitate
835 343 1035 400 clericorum
1054 361 1076 399 c
1093 345 1170 401 8-9.
1335 349 1397 417 183

263 507 468 581 grauitate,
505 507 541 566 in
562 506 673 566 uerbo
707 521 794 564 sano
817 506 929 578 etque
962 504 1323 580 inreprehensibili,
1356 509 1398 565 ut

263 610 504 669 aduersarius
525 608 765 678 reuereatur,
794 605 894 664 nihil
916 608 1056 666 habene
1078 609 1119 667 de
1141 608 1249 667 nobie
1271 607 1398 667 dicere

263 710 360 772 mali.
385 710 742 783 etiterum‚omnibus,
766 707 869 782 inquit,
893 707 1005 769 fidem
1027 709 1155 769 bonam
1178 709 1341 781 ostende,
1357 709 1399 768 ut

263 812 390 873 honam
413 813 626 872 doctrinam
649 809 1021 875 saluatorisllomini
1042 809 1399 885 nostripraeierant

245 913 300 974 sin
321 915 498 975 omnihus.
531 914 573 973 sic
597 915 628 972 et
654 911 887 973 ad'lim0theum
903 911 1004 973 scribit
1031 912 1145 972 dicens:
1169 913 1285 973 forma
1317 914 1398 972 esto

266 1016 445 1076 fidelibus
466 1017 503 1075 in
536 1030 717 1087 sermone,
751 1015 789 1072 in
811 1015 1116 1088 conuersatione,
1150 1014 1187 1072 in
1215 1013 1397 1086 caritate,

266 1115 300 1175 in
322 1117 415 1190 lide,
438 1118 473 1177 in
496 1116 683 1177 castitate.
715 1117 789 1190 quod
815 1118 845 1175 ot
870 1117 975 1175 Petrus
1000 1117 1146 1190 apostolus
1167 1117 1257 1176 satiat
1280 1117 1394 1177 dicens:

266 1220 519 1293 conuersatio,
543 1218 656 1294 inquit,
679 1222 808 1279 uestra
829 1219 865 1277 in
887 1217 1064 1293 gentibus
1087 1220 1179 1298 bona
1201 1219 1269 1292 sit,
1302 1222 1340 1278 nt
1361 1218 1398 1276 in

267 1321 354 1380 eoin
376 1321 725 1396 quodetrahuntde
748 1318 854 1380 uobis
876 1321 983 1393 quasi
1003 1321 1044 1379 de
1065 1320 1399 1380 malefacientibus

231 1421 306 1480 rode
338 1423 444 1483 honis
477 1422 656 1497 operibus
689 1423 831 1483 uestris
869 1421 1096 1495 glorificent
1129 1421 1330 1481 Dominum.
1368 1425 1399 1482 et

265 1522 383 1594 iterum,
414 1525 582 1598 quoniam
605 1524 749 1595 sicest,
779 1524 889 1596 inquit,
918 1525 1094 1582 uoluntas
1120 1524 1202 1596 Dei,
1232 1528 1272 1582 ut
1292 1524 1398 1582 hene·

265 1621 450 1686 facientes
484 1626 743 1685 obmutescere
781 1624 939 1684 faciatis
978 1624 1176 1685 stultorum
1214 1625 1399 1685 hominum

266 1724 530 1799 ignorantiam.

309 1827 370 1888 lieo
386 1830 535 1903 quisquam
551 1829 607 1888 sibi
620 1830 761 1901 proponat
770 1831 799 1886 et
811 1828 903 1887 dicat:
929 1829 1034 1887 hahere
1054 1830 1118 1887 nolo
1131 1829 1206 1902 qnod
1220 1828 1345 1887 uincam.
1361 1828 1429 1900 hep

230 1943 256 1982 ra
268 1930 313 1987 est
327 1929 403 1988 enim
419 1929 511 1990 dicere
527 1930 625 1988 uiuere
641 1930 771 1990 desidero
787 1930 841 1988 sub
867 1929 958 1989 ruina
990 1930 1056 2003 quis
1076 1934 1136 1988 tam
1160 1929 1268 1989 stultus
1284 1930 1333 2002 qni
1348 1945 1397 1988 ar·

267 2029 323 2089 tari
343 2029 441 2104 cupiat
467 2032 504 2090 ad
519 2031 662 2103 laborem,
694 2031 740 2091 cui
770 2032 888 2091 otientur
916 2031 1066 2091 delicatius
1081 2030 1281 2105 triumphare?
1305 2046 1397 2105 neque

265 2131 340 2192 enim
356 2133 463 2204 duplex
478 2133 644 2206 triumphus
657 2136 703 2192 est
724 2133 778 2192 sub
794 2133 915 2193 feminae
938 2134 1101 2207 praesentia
1121 2134 1236 2207 probari
1259 2134 1397 2194 uictorem

266 2250 352 2307 quam
366 2233 429 2308 [est]
441 2234 472 2291 in
482 2234 684 2308 singularitate
700 2251 813 2294 seruare
829 2235 1008 2308 sponsionem
1022 2235 1165 2309 integram
1181 2234 1397 2294 sanctimoniae.

266 2338 374 2395 etcum
389 2337 429 2395 sit
445 2354 518 2395 unus
533 2336 638 2394 titulus
654 2337 827 2409 gloriarum,
852 2337 905 2394 hoc
920 2336 980 2395 loco
995 2353 1087 2395 uanus
1102 2335 1186 2395 fortis
1200 2338 1246 2395 est
1260 2335 1309 2408 qui
1324 2335 1398 2393 satis

231 2436 379 2496 aclaborat
395 2442 504 2497 etcum
519 2437 580 2508 illo,
597 2437 646 2509 qui
662 2455 762 2510 parum
772 2437 927 2497 laborando
948 2437 1067 2509 uicerit,
1098 2438 1208 2509 pariter
1223 2439 1399 2496 muneratur.

264 2538 332 2612 quid
348 2540 422 2612 quod
437 2539 487 2598 ille
503 2539 571 2613 quin
585 2539 671 2598 inuno
686 2542 902 2600 consummatus
913 2539 1096 2610 adscribitur,
1113 2538 1161 2611 qui
1178 2554 1210 2597 se
1225 2538 1300 2598 omni
1317 2541 1400 2613 parte

264 2639 395 2700 femineis
407 2641 557 2700 aflectibus
573 2643 701 2700 ostentat
715 2641 879 2702 abscisum?
894 2643 962 2715 quia
976 2659 1040 2701 eum
1055 2641 1193 2699 Dominus
1204 2640 1235 2697 in
1250 2641 1400 2713 euangelio

265 2741 426 2814 perfectum
442 2746 526 2800 uocat
556 2742 605 2815 qui
636 2745 728 2801 totum
758 2744 819 2802 suis
847 2745 949 2802 usibus
978 2741 1170 2815 amputauerit
1184 2740 1398 2813 patrimonium.

263 2843 339 2902 certe
350 2842 436 2902 etiam
448 2843 503 2903 soli
515 2843 681 2918 cuicumque
692 2844 829 2904 cotidiaui
843 2844 983 2919 triumphi
997 2861 1048 2918 pro
1065 2843 1201 2903 castitate
1213 2860 1269 2903 non
1284 2844 1399 2916 desunt,

229 2959 254 3001 aa
265 2945 333 3016 qnia
347 2962 500 3018 numquam
517 2944 667 3004 desideriis
697 2947 862 3007 carnalibus
887 2946 1019 3020 spiritum
1035 2947 1129 3005 cessat
1144 2945 1282 3005 infestare
1297 2961 1400 3018 corpus

262 3045 435 3117 humanum,
467 3046 543 3118 quod
568 3046 716 3119 apostolus
743 3048 875 3107 adfirmet
902 3048 1014 3109 dicens:
1045 3064 1147 3118 caro,
1181 3047 1291 3120 inquit,
1321 3063 1401 3105 con·

262 3146 425 3220 cupiscit
453 3149 636 3207 aduersus
666 3149 840 3221 spiritum
868 3154 903 3208 et
929 3151 1091 3222 spiritus
1120 3151 1301 3208 aduersus
1326 3165 1400 3206 car·

262 3264 353 3308 nem:
395 3249 486 3308 hacc
526 3250 620 3308 enim
650 3249 806 3310 inuicem
842 3253 1092 3311 aduersantur
1142 3251 1215 3311 sihi
1251 3253 1292 3310 ut
1331 3268 1400 3310 non

330 3445 348 3499 3
365 3446 420 3499 Tit.
438 3447 463 3510 2,
483 3447 525 3500 10.
720 3448 737 3500 5
754 3446 768 3500 1
787 3447 856 3499 uin.
875 3449 901 3508 4,
920 3448 961 3500 12.
1151 3447 1169 3500 8
1187 3448 1199 3501 Ι
1220 3447 1292 3501 Patr.
1311 3449 1337 3511 2,
1357 3448 1398 3501 12.

263 3529 295 3582 11
315 3528 329 3582 Ι
348 3529 420 3582 Petr.
440 3531 466 3594 2,
486 3533 527 3585 15.
633 3533 667 3585 26
685 3531 746 3584 Gal.
765 3533 789 3595 5,
812 3532 852 3583 17.

329 3714 546 3769 dostendontem
567 3717 600 3770 0¹
769 3716 783 3768 7
804 3716 889 3769 saciat
911 3717 957 3779 θ’,
976 3716 1100 3770 hortatur
1121 3717 1189 3784 O²o;
1211 3718 1248 3784 cs.
1271 3717 1353 3788 cypr.
1369 3733 1399 3785 p.

259 3803 373 3865 755,15
447 3803 515 3855 8ut
532 3818 567 3856 eae
586 3803 653 3856 etG
725 3802 789 3856 9in
809 3817 859 3869 quo
878 3801 907 3868 0,
927 3801 1030 3870 quodo
1109 3801 1143 3856 dc
1160 3819 1210 3857 om.
1233 3803 1256 3858 0
1324 3803 1401 3871 quasi

261 3885 291 3950 0,
307 3888 482 3955 tamquamo
562 3886 795 3940 malefacientibus
819 3887 847 3951 0,
865 3886 1117 3942 malefactoribuso
1203 3888 1239 3942 10
1255 3887 1368 3942 deumo

261 3972 294 4024 lb
310 3973 417 4025 ruinam
441 3972 474 4026 0¹
553 3973 600 4038 qni
623 3973 645 4027 Ο
662 3988 731 4025 corr.
821 3973 853 4024 16
873 3970 1013 4026 delicatius
1031 3971 1198 4040 triumphare
1220 3973 1251 4038 0,
1268 3972 1401 4028 delicatus

259 4058 448 4127 triumphnso
536 4061 569 4112 18
586 4059 722 4127 integram
742 4060 909 4128 sponsionem
928 4077 945 4115 o
1023 4061 1056 4114 19
1074 4075 1159 4113 uanus
1177 4059 1207 4125 G,
1226 4076 1295 4114 unus
1313 4060 1401 4114 Eros-

259 4159 319 4198 mus
387 4144 423 4198 20
440 4145 615 4197 munerantur
636 4146 668 4197 0¹
746 4143 779 4196 21
800 4146 875 4211 purte
896 4145 926 4208 O,
944 4147 1063 4213 tempore
1081 4146 1218 4199 Εναειιιιιε
1302 4146 1337 4199 22
1355 4145 1401 4199 ab·

259 4229 370 4282 sciam
389 4246 406 4284 o
508 4229 541 4282 27
561 4232 588 4282 et
606 4229 718 4296 spiritus
740 4230 770 4293 G,
788 4230 900 4297 spiritus
917 4233 1007 4283 autom
1028 4248 1044 4284 o
