3720 4920
326 335 328 339 ’
351 338 394 401 88
427 346 429 348 ·
824 327 1011 399 Appendix.

350 492 386 550 ot
408 490 623 564 sauguinem
644 488 750 549 Iesus
773 486 955 558 christus,
978 502 1047 575 non
1069 482 1105 544 in
1127 500 1220 558 sque
1241 486 1392 553 tantum,
1421 482 1484 542 sed

351 591 387 649 iu
417 608 510 666 aqna
532 595 568 651 et
588 590 776 666 sanguino.
809 592 845 650 ot
874 589 1036 664 spiritus
1065 591 1122 647 ost
1148 587 1209 661 qui
1231 584 1484 646 testimonium

350 693 541 767 perhibet,
572 693 657 767 quia
687 692 846 765 spiritus
877 694 933 752 est
963 690 1124 750 ueritas:
1158 689 1242 762 quia
1270 690 1349 746 tres
1378 687 1483 745 testi·

348 794 504 854 monium
544 794 756 868 perhibent,
801 792 962 867 spiritus
995 795 1032 851 et
1064 808 1155 866 aquia
1187 794 1222 850 et
1254 790 1415 863 sanguis.
1448 792 1484 848 et

350 897 417 956 isti
440 900 517 955 tres
539 913 644 955 uuum
667 900 761 955 sunt.
785 898 818 954 ιιι
839 912 873 954 ex
895 895 956 954 illis
978 892 1147 968 colligamus
1162 896 1191 952 et
1212 910 1316 966 aquam
1338 894 1504 967 praestares

351 999 485 1073 spiritum
500 999 625 1069 solitum,
641 1001 671 1057 et
681 999 849 1072 sanguinem
860 996 1007 1071 proprium
1019 995 1182 1056 hominibus
1193 997 1338 1069 praestare
1349 994 1483 1069 spiritum

350 1100 467 1160 solitum
489 1103 519 1158 et
543 1100 637 1172 ipsum
659 1115 770 1172 quoque
793 1099 927 1173 spiritum
950 1100 1097 1171 praestare
1121 1097 1253 1171 spiritum
1268 1098 1394 1156 solitum.
1417 1082 1483 1155 nam

351 1219 415 1262 cum
440 1201 603 1260 effundatur
626 1216 700 1274 aqua
722 1200 808 1260 sicuti
829 1203 859 1260 et
880 1199 1010 1274 sanguis
1034 1198 1154 1271 spiritus
1175 1200 1262 1258 etiam
1285 1199 1391 1259 edesus
1413 1198 1483 1258 situ

351 1304 472 1363 Domino
493 1320 579 1375 super
601 1320 698 1362 omnes
720 1302 769 1375 qui
785 1303 982 1362 crediderunt:
1006 1303 1105 1374 utique
1120 1306 1149 1361 et
1163 1321 1238 1375 equa
1252 1306 1283 1361 et
1297 1302 1483 1360 nihilomiuus

349 1407 464 1479 proprie
491 1405 648 1478 sanguine,
674 1406 743 1463 tuuc
768 1403 870 1463 deinde
896 1408 926 1463 et
952 1404 1057 1477 spiritu
1083 1407 1181 1463 sancto
1206 1407 1327 1478 possunt
1352 1402 1518 1462 hominesue

350 1505 501 1579 baptizari.
524 1507 566 1565 ait
588 1506 663 1565 enim
678 1507 799 1564 Petrus:
823 1506 884 1564 sod
906 1505 972 1565 hoc
994 1508 1050 1564 est
1072 1507 1163 1578 quod
1185 1505 1322 1564 dictum
1344 1507 1400 1564 est
1421 1520 1484 1576 per

350 1610 581 1681 prophetam:
612 1608 684 1666 erit
705 1607 741 1665 iu
763 1607 980 1667 nouissimis
1009 1607 1154 1678 diebus,
1185 1607 1279 1666 dicit
1301 1606 1481 1676 Dominus,

350 1711 539 1770 effundam
561 1709 735 1783 spiritum
757 1725 867 1768 meum
888 1725 997 1782 super
1016 1725 1151 1768 omnem
1172 1724 1325 1778 carnem,
1348 1710 1384 1766 et
1404 1723 1482 1781 pro·

348 1813 557 1884 photabunt
578 1810 658 1869 filii
679 1827 799 1870 oerum
819 1813 855 1868 et
874 1810 982 1869 filiae
1005 1827 1125 1869 eorum
1145 1813 1180 1868 et
1200 1811 1349 1868 iuuenes
1370 1807 1483 1868 uisio-

349 1929 414 1972 ues
443 1913 624 1972 uidebant
652 1915 688 1970 ot
709 1913 876 1971 seniores
907 1911 1045 1970 somnia
1076 1911 1314 1971 somniabunt.
1348 1913 1386 1969 et
1407 1909 1521 1982 qui-ur>

351 2017 430 2074 dem
452 2030 562 2087 super
585 2030 713 2072 seruos
735 2017 770 2073 et
792 2013 1273 2087 superencilleseffundam
1289 2011 1482 2085 despiritu

349 2131 434 2174 mee.
457 2131 541 2189 quem
564 2113 697 2187 spiritum
721 2113 752 2171 in
775 2115 867 2173 ueteri
889 2116 1072 2186 testamento,
1095 2132 1152 2173 nou
1174 2116 1286 2188 quidem
1308 2114 1416 2187 passim
1431 2128 1484 2172 uec
1530 2129 1531 2132 ’

351 2217 451 2289 effuse,
477 2217 527 2275 sed
551 2217 787 2276 communicatum
811 2234 874 2276 cum
897 2216 963 2276 aliis
985 2217 1143 2275 autetiam
1166 2220 1265 2289 sponte
1286 2216 1432 2274 insiluisse
1454 2215 1483 2273 iu
1555 2291 1558 2296 ι

352 2318 490 2392 quosdam
505 2317 636 2375 homiues
650 2318 698 2376 uel
711 2317 840 2376 induisse
856 2334 905 2377 eos
921 2318 967 2376 nel
979 2317 1069 2376 luisse
1080 2334 1166 2390 super
1177 2334 1224 2376 eos
1236 2317 1482 2390 deprehendimus,

352 2418 438 2480 sicuti
453 2419 547 2495 Moysi
561 2420 597 2479 do
612 2419 795 2493 septuaginta
809 2419 986 2495 presbyteris
1001 2420 1148 2479 uDomino
1161 2419 1266 2480 dictum
1279 2436 1342 2479 esse
1353 2419 1483 2479 animad-
1492 2429 1521 2469 ²⁰

350 2521 507 2581 uertimns:
534 2525 569 2579 et
592 2520 752 2579 auferam
778 2521 952 2594 spiritum
978 2521 1040 2593 qui
1066 2537 1174 2594 super
1200 2525 1233 2580 te
1259 2525 1332 2593 est,
1361 2525 1397 2581 et
1422 2523 1482 2581 im·

349 2637 477 2696 ponam
500 2638 608 2695 super
632 2637 700 2681 ees.
735 2622 950 2696 propterquod
973 2621 1060 2681 etium
1081 2623 1234 2681 secundum
1249 2622 1483 2695 pollicitationem

351 2740 433 2783 suam
451 2725 528 2782 Deus
543 2724 580 2782 ab
595 2723 652 2782 elio
667 2739 702 2781 ex
717 2723 822 2797 spiritu
837 2724 887 2796 qui
903 2739 989 2797 super
1004 2724 1122 2797 Moysen
1138 2724 1232 2782 lucrat
1246 2725 1381 2796 imposuit
1396 2740 1483 2798 super

349 2824 427 2895 illos,
449 2827 479 2883 et
502 2824 747 2896 prophoteuerunt
761 2822 791 2881 iu
807 2823 922 2895 castris,
946 2824 1022 2896 quod
1045 2824 1156 2898 lloyses
1179 2827 1212 2882 ut
1235 2826 1317 2884 home
1340 2825 1482 2898 spiritalis

349 2928 392 2985 ite
407 2925 562 2998 contigisse
577 2925 731 2999 gaudebat,
747 2925 816 2984 licet
829 2925 867 2983 eb
879 2926 945 2985 Iesu
960 2925 1018 2983 filie
1030 2925 1110 2985 Naue
1121 2928 1154 2984 ut
1165 2925 1231 2985 huic
1242 2926 1283 2986 rai
1293 2925 1482 2987 intercederet
1492 2938 1521 2980 aa

348 3028 441 3087 inuito
465 3027 648 3099 suadebatur,
674 3025 823 3087 etidcirco
838 3043 896 3086 uon
922 3026 1011 3086 fuisse
1034 3030 1053 3099 †
1072 3029 1226 3100 permotus.
1241 3045 1325 3101 porro
1341 3031 1438 3087 autem
1452 3028 1484 3087 in

348 3128 423 3188 libro
444 3127 584 3198 Indicum,
605 3127 673 3187 item
688 3128 718 3186 in
733 3127 896 3201 Regnorum
909 3128 993 3186 libris
1007 3127 1260 3187 animaduertimus
1275 3145 1360 3202 super
1374 3129 1483 3204 pleres-

349 3246 404 3303 que
420 3233 471 3288 aut
493 3224 584 3288 luisse
600 3229 732 3303 spiritum
747 3228 864 3289 Domini
878 3233 930 3289 aut
944 3229 1092 3289 insiluisse
1108 3229 1138 3287 in
1154 3245 1212 3302 eos,
1236 3232 1380 3303 tamquam
1395 3247 1482 3303 super

349 3331 500 3390 (lothoniol
526 3331 638 3391 Godaou
660 3331 783 3405 Iophtho
805 3333 924 3392 Samson
939 3332 1005 3390 Saul
1021 3331 1115 3389 Dauid
1130 3335 1159 3391 et
1174 3334 1283 3391 ceteros
1298 3331 1379 3390 alios.
1409 3332 1485 3404 qued

349 3449 439 3506 usquc
463 3434 532 3492 adeo
555 3434 598 3492 itu
621 3450 652 3492 se
675 3434 764 3492 habet
786 3437 820 3492 ut
845 3434 965 3507 spiritus
992 3433 1089 3491 sancti.
1105 3434 1205 3505 sponte
1220 3434 1373 3493 accedendi
1388 3434 1425 3492 sb
1441 3434 1521 3494 eise

347 3534 512 3593 libertatem
527 3552 561 3594 ac
576 3535 740 3595 facultatem
755 3535 989 3595 manifestissime
1004 3552 1056 3594 nos
1072 3533 1209 3593 Dominus
1224 3534 1352 3594 docuerit
1367 3535 1481 3596 dicens:

349 3635 507 3709 spiritus
531 3637 592 3696 ubi
615 3638 696 3697 uult
717 3638 852 3712 spirat,
880 3642 916 3697 et
936 3654 1058 3696 uocem
1080 3637 1158 3696 eius
1179 3637 1283 3695 undis
1303 3641 1339 3696 et
1359 3636 1481 3698 nescis

349 3739 441 3796 uude
467 3739 591 3798 ueniat
617 3743 679 3800 erut
704 3757 771 3814 quo
796 3741 915 3799 nudat.
942 3739 985 3799 ita
1006 3743 1038 3799 ut
1059 3739 1133 3798 idem
1154 3739 1273 3813 spiritus
1294 3740 1381 3798 etiarn
1395 3756 1483 3812 super

418 3938 451 3990 11
469 3938 529 3992 Aet.
542 3939 567 4001 2,
587 3938 627 3992 17.
647 3938 689 3992 18.
791 3938 824 3991 21
843 3936 924 3994 Num.
944 3938 985 4000 11,
1006 3939 1046 3991 17.
1150 3938 1242 3992 3210.
1261 3938 1285 4000 3,
1304 3938 1329 3991 e

417 4125 481 4178 diu
500 4141 582 4179 uuum
600 4125 664 4195 lep.
755 4126 772 4178 6
784 4127 869 4193 priua
886 4126 1012 4194 spiritum
1031 4141 1083 4180 om.
1101 4126 1160 4180 cod.
1252 4125 1286 4177 23
1304 4125 1337 4178 ab
1355 4123 1419 4191 alio]
1438 4123 1486 4177 ub·

350 4210 405 4264 lato
424 4210 491 4273 sort,
