3720 4920
600 343 647 399 De
662 340 840 399 duodecim
858 342 1014 398 abueiuia
1032 341 1165 397 aaeeuli
1182 357 1203 396 o
1223 341 1302 397 3-4.
1462 343 1520 411 157

382 521 450 577 ergo
473 504 596 565 dormiet
610 505 640 561 in
660 504 806 563 thesauris
831 503 906 574 tuis,
933 504 1008 575 quod
1028 504 1147 577 pauperi
1167 505 1305 577 prodesse
1325 505 1429 577 potest
1452 519 1520 561 nem

383 606 464 666 diues
480 623 553 680 quae
566 604 796 681 congregauerit,
811 604 859 663 his
873 603 930 662 irui
942 604 1021 663 solue
1032 622 1211 679 nequaquam
1225 604 1333 679 poterit
1343 602 1421 680 [quia
1435 603 1520 661 unius

383 708 616 767 hominisnatura
626 707 727 766 multis
738 707 823 766 rebus
835 723 892 765 non
907 707 1067 782 suoeumitl.
1084 707 1153 782 quid
1165 723 1233 782 ergo
1245 706 1367 767 stultius
1378 709 1424 767 eat
1435 723 1519 779 quam

382 812 499 885 prepter
531 810 616 869 unius
647 809 771 869 hominis
793 808 900 867 uictum
922 811 951 867 et
971 810 1108 868 uestitum
1147 812 1240 868 totam
1271 807 1355 882 regui
1386 806 1520 867 caelestis

360 927 534 987 sperennem
549 911 755 971 iocunditatem
776 911 894 986 perdere
923 913 952 969 et
968 914 1098 970 aeternos
1119 911 1224 970 intumi
1246 910 1390 971 erueietus
1413 909 1521 982 absque

381 1014 586 1075 consolationis
615 1013 837 1088 praestolatione
866 1013 983 1072 subire?
1010 1014 1086 1087 quod
1112 1029 1180 1087 ergo
1203 1012 1364 1087 aliquando
1386 1029 1437 1087 per
1468 1028 1520 1071 ne·

382 1116 546 1176 cessitatem
560 1115 750 1175 amittendum
766 1118 812 1175 est
825 1131 877 1189 pro
892 1118 1007 1174 esterna
1021 1114 1249 1174 remuneratione
1264 1118 1366 1188 sponte
1382 1114 1521 1173 distribu-

382 1219 486 1279 endum
533 1222 588 1279 est.
644 1218 761 1279 omnia
802 1217 898 1278 enim
941 1234 1031 1290 quae
1074 1217 1250 1277 uidentur
1293 1214 1523 1290 temporalia

382 1323 482 1381 sunt:
505 1338 596 1395 qnae
617 1324 737 1381 autem
757 1336 831 1379 uon
852 1319 1033 1379 uidentur
1055 1321 1215 1380 aeterne.
1239 1319 1376 1394 quamdiu
1398 1335 1521 1393 namque

349 1423 557 1496 retemperalee
594 1440 694 1482 sumus
730 1421 936 1496 temporalibus
975 1420 1147 1495 temporalia
1188 1420 1355 1481 deseruiunt
1391 1421 1421 1479 et
1457 1436 1521 1477 eum

382 1525 450 1585 hino
470 1524 689 1597 transierimus,
721 1523 848 1583 aeternis
872 1526 989 1582 aeterna
1019 1522 1386 1597 solaempraestaountur.
1415 1520 1521 1580 ideireo

381 1627 501 1701 diligere
531 1644 587 1686 non
617 1626 752 1686 debemus
780 1643 816 1686 ea
845 1642 917 1700 queo
931 1642 988 1684 non
1014 1642 1127 1700 semper
1147 1625 1328 1698 habebimus,
1350 1623 1521 1697 praesertim

380 1744 445 1788 oum
474 1731 620 1802 expertem
650 1728 772 1787 rationis
802 1743 918 1786 auarum
949 1726 1068 1786 diuitem
1098 1727 1229 1785 thesauri
1259 1726 1305 1784 sui
1340 1729 1369 1784 ot
1400 1727 1463 1798 egri
1491 1728 1521 1785 et

381 1831 477 1891 omnia
491 1848 564 1906 quae
579 1831 667 1890 habet
683 1829 855 1902 ostendant,
882 1828 929 1903 qui
944 1832 1006 1888 toto
1021 1828 1115 1890 cordis
1128 1828 1235 1887 intuitu
1251 1827 1303 1887 illa
1325 1827 1424 1901 diligit
1446 1843 1519 1900 quse

346 1950 372 1991 re
382 1949 413 1992 se
427 1949 582 2006 numquam
597 1930 733 2004 diligunt.
749 1931 775 1990 si
790 1931 865 1991 enim
881 1948 981 1990 eurum
996 1933 1026 1990 et
1040 1934 1191 2004 argentum
1206 1947 1293 2003 agros
1304 1932 1334 1988 et
1347 1929 1521 1987 uestimenta

382 2033 461 2094 eibos
475 2038 505 2092 et
520 2032 639 2092 metalla
654 2035 684 2091 et
698 2034 785 2092 bruta
799 2032 936 2091 animalia
949 2033 1014 2106 quie
1030 2032 1179 2104 dilexerit,
1204 2032 1278 2092 haee
1309 2030 1404 2090 omnia
1427 2029 1520 2089 niuem

381 2135 439 2195 sibi
453 2135 558 2195 amoris
573 2135 729 2209 rependere
743 2152 801 2194 uon
822 2150 907 2210 posse
930 2134 994 2208 ipaa
1013 2151 1109 2193 rerum
1130 2136 1234 2193 natura
1255 2132 1393 2192 ostendit.
1418 2132 1521 2204 quida

382 2236 491 2296 ratione
503 2237 618 2310 longius
630 2240 676 2295 est
687 2254 773 2311 quam
784 2236 905 2310 diligere
918 2236 992 2309 quod
1004 2240 1032 2294 te
1045 2235 1191 2296 redemere
1205 2253 1263 2296 non
1274 2234 1363 2306 ualet,
1379 2236 1410 2292 et
1420 2233 1522 2306 negle-

382 2354 449 2413 gere
464 2337 547 2397 illum
569 2339 619 2412 qui
645 2342 713 2397 tuae
733 2337 852 2398 dietioni
878 2355 942 2397 eum
958 2338 1110 2398 dilectione
1125 2337 1220 2397 omnia
1235 2335 1375 2411 praebete
1402 2338 1520 2409 propter

345 2455 372 2497 ro
382 2439 436 2499 hoo
458 2440 549 2514 igitur
572 2458 629 2499 non
651 2440 735 2515 diligi
762 2441 885 2500 mundus
900 2441 951 2499 sod
966 2440 1050 2514 diligi
1065 2439 1211 2513 proximus
1226 2455 1244 2497 a
1258 2438 1318 2497 Deo
1335 2436 1519 2511 praecipitur,

382 2538 452 2616 quia
465 2543 612 2616 proximus
627 2541 719 2603 uicem
735 2544 781 2603 sni
796 2542 901 2603 emeris
922 2544 1020 2615 potest
1034 2543 1207 2615 rependere,
1235 2539 1311 2614 quod
1326 2539 1448 2598 mundus
1464 2538 1519 2596 mi·

449 2738 498 2792 81
516 2737 577 2795 Cor.
595 2740 622 2806 4,
642 2741 683 2795 18.

451 2943 466 2995 1
486 2958 616 3012 pauperes
637 2943 685 2997 Xo
778 2943 901 3012 prodesse
923 2945 1024 3014 petest]
1043 2945 1137 3013 podest
1152 2945 1257 2999 refioere
1275 2945 1314 3009 X,
1333 2944 1449 2998 dormire
1467 2960 1520 2999 non

381 3029 482 3083 sinito
586 3045 649 3083 narn
667 3028 693 3082 d.
712 3029 758 3098 qui
776 3031 922 3098 congregat
944 3028 975 3094 V,
995 3029 1020 3084 d
1039 3044 1154 3098 nemque
1173 3045 1241 3098 quoe
1260 3030 1465 3099 congregauerit
1482 3029 1520 3093 X,

380 3113 406 3167 d.
424 3129 541 3182 namque
560 3115 612 3168 etei
630 3114 719 3167 multa
736 3114 971 3183 oongregauerito
1053 3115 1071 3167 2
1089 3114 1153 3182 quia
1164 3153 1169 3162 .
1181 3154 1187 3165 .
1198 3154 1204 3166 .
1216 3115 1349 3169 aueeurrit
1361 3130 1411 3168 om.
1429 3114 1487 3168 GX

379 3197 553 3252 Batultitiua
577 3197 604 3252 G
620 3199 645 3251 ti
663 3214 685 3252 a.
704 3199 722 3253 l.
844 3199 1020 3267 dperennem
1039 3200 1091 3254 ioe.
1112 3215 1137 3266 p.
1160 3199 1239 3262 (ΡΧ,
1257 3198 1364 3267 perdere
1381 3215 1408 3268 p.
1426 3199 1478 3252 ino.
1496 3215 1521 3266 o,

379 3284 488 3354 perdere
505 3284 700 3338 iocunditatem
723 3284 794 3338 6¹1⁷
878 3284 979 3353 absque
997 3285 1054 3338 nlla
1076 3285 1147 3340 (ΡΧ
1238 3285 1347 3354 Gorgo]
1366 3285 1453 3354 igitur
1469 3302 1487 3338 o

379 3368 395 3420 ‘l
414 3371 457 3421 est
480 3367 507 3421 G
523 3385 544 3422 e.
564 3369 582 3421 i.
601 3384 635 3421 m.
654 3371 674 3422 2
810 3369 1033 3439 remuneratione]
1052 3370 1231 3424 retributione
1249 3370 1279 3424 X
1414 3371 1521 3424 sonim

381 3468 431 3508 om.
450 3452 481 3506 X
583 3454 711 3507 9autem
729 3470 816 3509 errae
923 3459 1033 3509 aeterna
1051 3458 1115 3508 sunt
1133 3455 1209 3509 XVe
1320 3457 1353 3510 12
1371 3471 1423 3509 non
1442 3455 1522 3510 debe·

379 3554 440 3592 mua
457 3538 605 3608 diligeret
697 3539 876 3594 habemusV
975 3541 1009 3595 14
1024 3539 1171 3595 ostendunt
1189 3541 1220 3594 X
1314 3541 1370 3610 qui]
1389 3541 1487 3608 quiae

380 3624 427 3693 qui
445 3625 751 3680 toto...l.160mnie
769 3642 820 3681 om.
842 3625 874 3689 V,
891 3626 955 3680 edd.
974 3629 1007 3682 tn
1023 3641 1107 3698 marp.
1131 3626 1158 3681 G
1173 3630 1249 3681 Μ
1353 3627 1403 3680 illa
1420 3626 1521 3696 diligat

379 3711 432 3775 X¹,
450 3711 513 3764 illas
531 3728 574 3766 res
591 3714 701 3766 amato
780 3712 813 3765 15
830 3728 976 3780 numquam
995 3728 1023 3766 se
1040 3715 1088 3767 Xo
1170 3716 1198 3767 et
1215 3728 1295 3782 agree
1314 3714 1362 3766 Xo
1443 3713 1477 3766 16
1495 3715 1524 3767 et

380 3795 454 3849 eibos
472 3798 516 3851 Xe
604 3796 637 3850 17
656 3796 719 3865 sibi]
739 3813 767 3850 se
790 3796 865 3861 G'V,
882 3813 945 3866 exp.
969 3798 996 3852 G
1013 3801 1088 3854 Μ
1192 3797 1372 3867 „rependere
1395 3798 1428 3861 G,
1447 3813 1523 3865 prae·

380 3877 490 3931 bereV
611 3881 670 3949 ipsa
688 3897 710 3934 r.
728 3898 754 3935 n.
775 3882 895 3936 ostendit
913 3898 963 3936 om.
986 3884 1018 3947 V,
1036 3884 1101 3938 add.
1124 3883 1151 3938 θ
1168 3887 1240 3938 m.2
1365 3883 1430 3951 quid
1448 3883 1520 3936 enim

382 3963 406 4016 0
411 3963 443 4027 V,
462 3964 527 4032 quid
545 3981 610 4035 ergo
626 3983 644 4020 o
810 3967 844 4022 18
860 3966 970 4038 longina
988 3971 1030 4022 eet
1048 3984 1065 4023 a
1081 3969 1188 4023 ratione
1211 3968 1238 4021 V
1396 3967 1520 4037 diligere]

381 4063 469 4103 amare
491 4050 517 4103 V
628 4051 827 4122 quod1quiX
941 4053 1079 4108 redemero
1096 4055 1204 4123 scripsi,
1223 4055 1354 4109 redimere
1373 4055 1411 4121 X,
1429 4068 1521 4108 amare

384 4133 454 4188 GVo
542 4137 574 4188 19
592 4135 725 4191 diaetione
747 4138 815 4206 G(o
834 4153 904 4192 eree
922 4145 949 4192 et
967 4155 982 4193 e
999 4141 1032 4195 in
1050 4140 1059 4193 i
1078 4155 1151 4194 corr.
1171 4157 1206 4194 m.
1224 4142 1265 4208 2),
1284 4140 1424 4195 dilectioni
1447 4140 1488 4195 Ve

380 4218 416 4273 20
434 4219 529 4290 igitur]
549 4237 612 4291 ergo
635 4222 661 4275 V
773 4223 828 4292 sed]
847 4227 875 4276 et
895 4222 950 4278 GV
