3720 4920
584 379 630 433 De
648 378 911 447 singularitate
928 380 1130 434 clericorum
1154 394 1176 432 c
1193 379 1307 434 42-45.
1449 379 1514 444 219

377 537 530 596 latronum.
553 537 620 611 plus
635 537 723 596 duces
738 539 769 596 et
782 537 928 611 principes
943 554 1029 611 quum
1043 539 1152 597 milites
1166 541 1204 599 ab
1218 538 1351 597 hostibus
1372 540 1514 610 appetun-
1597 519 1599 524 ⁵

378 641 427 698 tur
441 637 472 697 in
486 655 594 713 pugna,
620 640 650 698 et
665 638 822 698 uiolentius
836 639 1042 713 propulsantur
1056 640 1151 700 uentis
1165 644 1194 700 et
1208 639 1373 700 turbinibus
1389 638 1516 698 culmina

379 758 573 816 quaecumque
599 746 668 802 suut
692 741 806 802 altiora.
838 741 903 802 ideo
928 745 1022 818 magis
1047 745 1207 819 magisque,
1238 760 1293 816 quo
1316 743 1384 817 plus
1413 742 1518 803 ceteris
1604 768 1606 771 ·

378 844 574 918 unusquisque
591 835 696 918 potest,
712 845 787 903 sciat
797 861 860 904 esse
876 846 933 905 sibi
947 848 1131 907 mutuandum
1146 863 1182 906 ue
1192 846 1224 905 in
1235 846 1335 921 uliquo
1346 846 1514 917 minoretur,

358 950 496 1021 spropter
511 947 587 1020 quod
602 946 734 1006 Salomon
749 947 792 1006 sic
805 947 941 1008 admouet
962 949 1077 1009 dicens:
1102 947 1163 1022 qui
1185 947 1387 1023 gloriatur,
1410 942 1516 1021 inquit,

378 1048 415 1107 iu
437 1047 600 1120 diuitiis,
623 1051 883 1122 paupertatem
905 1053 1095 1110 uereatur.
1118 1067 1188 1124 rogo
1210 1066 1263 1109 uos
1278 1053 1419 1125 quantum
1433 1049 1517 1108 ualeo

378 1153 409 1211 et
423 1151 500 1211 ultra
514 1168 601 1224 quem
615 1150 699 1210 ualeo
728 1151 802 1211 haee
829 1152 889 1210 sint
910 1152 1007 1211 studia
1021 1152 1146 1212 omnium
1162 1152 1342 1223 clericorum,
1367 1153 1400 1210 ut
1415 1151 1515 1225 singu·

378 1252 505 1311 lenitatis
529 1251 731 1312 inaccusabilis
751 1252 913 1312 secessione
935 1253 1103 1328 iungantur,
1130 1270 1167 1312 ne
1188 1256 1240 1312 eut
1254 1252 1312 1326 ipsi
1326 1269 1378 1326 per
1393 1252 1517 1312 feminas

379 1356 430 1412 aut
456 1353 579 1413 feminae
605 1371 658 1428 per
684 1353 752 1415 illos
774 1355 812 1413 sd
831 1355 1022 1428 ignominiosa
1047 1355 1172 1416 ludibria
1186 1357 1387 1430 prouoceutur.
1411 1353 1517 1428 siquis

345 1457 469 1516 ichabot
482 1458 603 1516 matrem
618 1455 666 1515 uel
682 1455 772 1514 filiam
788 1441 836 1515 uel
851 1473 977 1517 sororem
991 1456 1038 1517 uel
1053 1457 1203 1531 coniugem
1217 1457 1265 1516 uel
1287 1448 1449 1530 cognatam,
1475 1455 1517 1515 sic

379 1557 496 1629 babent,
523 1559 556 1615 ut
577 1556 659 1615 nullu
683 1557 800 1616 intersit
820 1557 927 1618 aneilla
950 1574 1042 1632 neque
1063 1558 1161 1632 eliqua
1175 1557 1355 1632 ingrediatur
1370 1561 1518 1629 extranee,

379 1675 415 1718 ne
430 1660 467 1717 ed
482 1661 536 1719 boc
551 1659 686 1718 uideatur
700 1662 798 1719 tenere
813 1661 959 1734 proximas
975 1677 1052 1733 suas,
1067 1662 1101 1720 ιιι
1113 1660 1240 1734 ipsarum
1256 1676 1344 1720 censa
1354 1657 1446 1718 libere
1461 1657 1519 1718 sibi

379 1761 515 1821 adhibeat
538 1761 659 1820 alienes.
684 1763 759 1835 quod
774 1762 801 1820 ei
815 1779 872 1822 uon
892 1762 1006 1836 possint
1026 1763 1106 1836 ipsse
1122 1777 1195 1835 quae
1209 1765 1278 1821 suut
1292 1761 1440 1835 proximae
1454 1760 1518 1818 sine

379 1863 550 1922 famularum
576 1862 738 1923 ministerio
764 1863 812 1924 uel
838 1864 901 1923 sine
927 1864 1082 1923 amicerum
1109 1881 1172 1923 esse
1199 1863 1315 1934 solacio,
1345 1861 1461 1936 expedit
1485 1863 1519 1919 ut

345 1982 369 2022 re
379 1965 505 2038 migrent
527 1965 564 2023 ed
585 1965 665 2024 aliud
689 1966 865 2025 domicilium
888 1983 974 2040 quam
989 1969 1106 2040 propter
1120 1966 1187 2026 illas
1201 1981 1341 2041 personae
1357 1963 1518 2024 contrariae

379 2067 542 2125 teneantur.
566 2068 725 2125 humanum
741 2069 788 2126 eet
801 2068 888 2137 enim,
914 2071 947 2125 ut
961 2084 1014 2127 nec
1029 2067 1150 2127 clericus
1165 2067 1232 2127 illas
1247 2066 1417 2126 necessariis
1433 2065 1519 2125 femi·

381 2168 427 2227 nis
453 2169 568 2227 fraudet
593 2185 647 2227 nec
674 2168 754 2243 ipsae
783 2167 919 2228 clericum
945 2185 997 2242 per
1023 2169 1192 2243 inportunas
1214 2168 1336 2229 feminas
1358 2168 1516 2227 sordident.

381 2269 531 2344 adsignari
545 2274 668 2342 possunt
682 2269 792 2329 sanctis
814 2270 993 2342 mulieribus,
1020 2287 1083 2329 cum
1108 2270 1212 2344 quibus
1227 2270 1338 2339 uiuant,
1366 2269 1518 2328 dummodo

382 2389 445 2431 cum
466 2372 568 2431 clerico
590 2371 698 2430 femina
719 2372 800 2431 nulla
815 2375 1001 2432 commaneat.
1024 2389 1081 2431 non
1096 2372 1241 2444 despecte,
1267 2388 1325 2430 uon
1340 2369 1441 2430 uetula
1455 2369 1518 2429 sine

349 2472 535 2531 aoudfiuitate
560 2472 747 2545 peculiariter
774 2474 957 2546 suscipienda
983 2477 1028 2532 est
1053 2473 1090 2530 ad
1120 2473 1307 2531 domesticum
1333 2472 1517 2544 obsequium:

382 2574 450 2647 quia
470 2575 564 2648 magis
590 2573 652 2632 illic
666 2575 723 2633 cito
739 2574 930 2647 delinquitur,
957 2575 1006 2633 ubi
1022 2575 1083 2633 sine
1098 2574 1261 2648 suspicione
1277 2590 1409 2633 securum
1423 2574 1521 2646 potest

382 2692 445 2735 esse
462 2677 608 2746 delictum,
625 2677 748 2736 maxime
763 2679 832 2750 quia
847 2676 974 2749 cupidini
989 2676 1070 2735 nulla
1085 2676 1262 2748 deformitas,
1278 2675 1361 2734 nulla
1375 2674 1519 2747 despectio

383 2777 494 2837 fastidii
510 2778 557 2837 uel
574 2778 643 2837 uilis
658 2779 767 2850 existit,
794 2777 842 2838 cui
858 2778 988 2837 diabolus
1003 2779 1126 2852 pingens
1152 2779 1312 2850 speciosum
1328 2776 1419 2836 obicit
1439 2776 1519 2851 quic·

382 2880 451 2954 quid
465 2881 580 2939 foedum
596 2881 643 2939 uel
659 2881 808 2939 borridum
823 2879 921 2940 luerit.

347 3000 374 3042 rs
426 2982 456 3039 Si
479 2982 545 3054 quis
571 2985 667 3041 autem
693 2984 777 3042 modo
805 2983 981 3056 profectione
1007 2984 1126 3055 cogente
1152 2983 1228 3056 apud
1243 2981 1348 3041 iratres
1374 2981 1421 3040 uel
1443 2983 1518 3055 apud
1529 2983 1571 3041 45

383 3085 531 3142 extraneos
558 3083 733 3157 hospitetur,
760 3083 811 3143 ubi
838 3083 973 3144 mulieres
997 3084 1153 3159 intersunt
1179 3082 1293 3143 omuino
1318 3100 1350 3143 ee
1370 3086 1458 3156 ertot,
1484 3100 1520 3143 ne

381 3183 577 3258 passibilitate
604 3185 701 3259 eliqua
725 3187 856 3247 uitietur.
880 3189 1006 3246 semotus
1026 3204 1061 3245 ac
1085 3189 1213 3247 secretus
1228 3186 1288 3245 Deo
1311 3189 1394 3246 uacet
1409 3188 1439 3246 et
1453 3186 1520 3258 sibi,

381 3301 417 3344 ne
442 3285 521 3344 intus
547 3287 678 3360 capiatur
693 3305 711 3346 a
725 3288 850 3361 diabolo,
877 3291 907 3347 et
930 3288 981 3361 qui
1005 3287 1077 3348 ioris
1104 3288 1167 3361 capi
1180 3305 1238 3346 non
1252 3289 1346 3361 potuit
1361 3289 1438 3361 apud
1453 3305 1521 3349 suos

451 3519 469 3572 5
486 3519 538 3572 Sir.
558 3518 600 3581 10,
618 3519 660 3572 34.

450 3740 514 3794 iet
538 3738 696 3793 turbinibus
726 3738 797 3795 Oet
814 3755 837 3793 a.
857 3739 873 3792 l.
892 3743 965 3793 ιιι
1137 3739 1155 3793 3
1178 3754 1230 3807 quo
1258 3739 1323 3795 Ge.
1343 3741 1361 3794 l.
1380 3744 1454 3795 nat

382 3825 399 3879 7
417 3828 480 3879 sunt
498 3828 532 3878 ιι
551 3825 643 3878 omnia
665 3825 688 3879 0
774 3824 791 3878 8
809 3824 1004 3878 inaccusabiles
1026 3824 1060 3879 0¹
1146 3824 1182 3878 10
1198 3825 1242 3878 ιιι
1260 3825 1402 3895 coniugem
1423 3829 1523 3895 Ceup.

381 3928 416 3967 nt
435 3915 454 3966 2
593 3911 626 3964 11
645 3911 683 3963 sit
706 3909 777 3963 inter
795 3910 878 3976 (iuter
896 3909 934 3961 sit
951 3926 986 3963 m.
1004 3911 1035 3979 2)
1053 3909 1154 3963 ancilla
1171 3909 1202 3972 0,
1227 3910 1328 3963 ancilla
1345 3911 1489 3966 intersito

382 3997 415 4050 13
433 3995 590 4065 possuutG
727 3995 761 4049 14
779 4010 836 4048 esse
853 4010 903 4048 om.
926 3993 949 4050 0
1079 3997 1112 4048 ut
1129 3995 1231 4065 migret
1252 3995 1324 4051 (ιιι
1341 4011 1363 4050 ι.
1382 3997 1400 4050 ι.
1417 4000 1490 4052 oc2

383 4084 416 4137 16
434 4085 467 4136 ιιι
486 4084 545 4138 Oe.
565 4082 583 4135 1.
600 4098 636 4134 m.
653 4084 673 4136 2
816 4079 852 4133 20
869 4082 912 4134 est
929 4078 964 4134 ad
986 4079 1016 4143 0,
1034 4079 1069 4133 ad
1086 4097 1103 4135 o
1248 4081 1282 4135 21
1301 4080 1360 4137 illic
1377 4081 1432 4135 cito
1449 4081 1524 4149 Βαι,

382 4165 534 4221 inlicitoO
635 4165 671 4218 22
689 4163 825 4232 cupidinis
843 4164 867 4220 C
968 4165 1005 4220 23
1022 4165 1067 4220 cui
1089 4164 1118 4230 0,
1136 4164 1217 4221 sedo
1320 4167 1354 4221 27
1374 4182 1405 4221 ac
1426 4167 1486 4223 Oe.
1505 4169 1522 4222 ι.

381 4270 416 4307 m.
434 4256 453 4306 2
556 4250 592 4305 28
609 4264 671 4304 suos
689 4265 725 4304 cx
741 4248 838 4306 uosO
