3720 4920
395 359 439 420 64
868 355 1052 424 Appendix.

348 509 389 568 14
441 508 466 567 0
486 511 517 568 te
536 508 656 583 impium
678 510 904 585 scelestumque,
929 512 1072 573 haeretice
1093 513 1271 587 Nouatiane,
1297 516 1346 590 qui
1360 521 1427 590 post
1440 517 1527 576 total

396 612 481 670 tants
503 611 533 670 in
554 611 676 672 ecclesia
695 629 714 671 a
733 613 901 687 quibusdam
926 618 1003 675 retro
1029 615 1195 676 uoluntaria
1222 618 1373 678 commissa
1398 617 1526 690 crimina

397 729 470 786 quae
492 717 522 773 et
543 715 574 774 tn
596 714 658 788 ipse
680 715 710 773 in
731 715 813 775 domo
828 715 882 776 Dei
896 716 1062 790 priusquam
1087 721 1222 791 apostata
1243 736 1321 779 essee
1343 736 1527 794 cognocens,

399 818 429 874 et
449 816 522 876 haec
542 833 626 891 posse
647 817 755 877 aboleri
776 818 811 877 de
831 819 968 879 momoria
988 822 1157 882 succedente
1178 822 1252 882 bono
1267 822 1365 897 utique
1380 823 1526 894 docueras,

396 921 552 979 secundum
572 919 656 980 iidem
678 920 836 994 scripturae
852 921 987 981 dicentis:
1015 924 1101 997 quia
1125 923 1158 983 si
1183 940 1385 984 conuersus
1412 922 1549 982 lueriis

396 1019 633 1081 facinorosus
661 1022 704 1079 ab
740 1022 905 1081 omuibus
940 1023 1172 1084 facinoribus
1207 1025 1289 1083 suis
1318 1040 1410 1098 quae
1440 1039 1527 1083 com·

279 1121 280 1124 ’
397 1122 502 1182 misit
527 1125 563 1183 et
588 1122 780 1183 iustitiam
806 1125 924 1185 luerit
948 1129 1114 1198 secutus,
1140 1126 1221 1185 uita
1244 1129 1400 1186 aeterna
1425 1127 1528 1185 uiuet

397 1227 433 1283 et
458 1242 528 1284 non
553 1225 731 1284 morietur
756 1225 792 1283 in
818 1225 983 1287 facinore
1009 1245 1072 1287 sno
1087 1261 1130 1272 —
1145 1227 1251 1287 delicta
1271 1227 1346 1286 enim
1361 1242 1434 1301 quae
1449 1243 1525 1288 com·

396 1324 486 1399 misit,
513 1326 707 1387 abolebuntur
732 1328 767 1386 de
793 1328 926 1387 memoria
952 1329 1169 1389 succedentibus
1196 1328 1279 1388 bonis
1305 1327 1392 1388 iactis
1415 1349 1469 1385 -ι
1495 1330 1527 1387 tu

397 1428 481 1488 hodie
507 1430 649 1488 retractas
670 1445 708 1488 an
728 1429 850 1488 debeant
873 1428 1019 1503 lapsorum
1044 1430 1139 1489 curari
1165 1430 1295 1502 uulnera,
1321 1431 1370 1504 qui
1391 1430 1492 1488 nudati
1511 1446 1564 1487 aro

397 1528 511 1588 diabolo
532 1530 706 1602 ceciderunt,
736 1529 920 1590 uiolentia
945 1549 1060 1605 aquae
1086 1549 1189 1605 quam
1209 1549 1273 1590 suo
1294 1548 1353 1590 ore
1376 1546 1529 1604 serpens

397 1630 524 1691 omisit
560 1634 647 1705 post
681 1632 880 1691 mulierem.
918 1635 969 1692 sed
998 1633 1086 1707 quid
1116 1633 1256 1693 dicam?
1293 1633 1336 1690 ait
1364 1631 1527 1706 apostolus:

312 1723 315 1730 ‘
397 1733 507 1792 laudo
533 1736 619 1792 uos?
647 1733 683 1791 in
709 1735 774 1792 hoc
800 1734 1019 1793 conlaudo:
1046 1735 1221 1807 quianon
1243 1735 1280 1792 in
1300 1734 1443 1805 melius,
1465 1731 1528 1791 sed

398 1836 436 1894 in
455 1833 564 1908 peius
586 1833 760 1893 acuistis.
787 1835 837 1895 ubi
857 1835 932 1894 enim
948 1839 1017 1895 sunt
1037 1835 1309 1895 aemulationes
1329 1838 1365 1894 et
1386 1836 1528 1894 dissen-

399 1939 526 1998 siones
547 1937 583 1994 in
605 1936 728 2008 uobis,
750 1955 867 1997 nonne
887 1937 1058 1997 carnales
1079 1939 1174 1997 estis
1195 1942 1232 1996 et
1251 1938 1448 1997 secundum
1468 1935 1563 1994 luo-u

398 2039 529 2100 minem
555 2038 782 2098 ambulatis?
809 2055 861 2099 uec
889 2056 941 2098 uos
971 2040 1084 2113 quidem
1114 2040 1213 2099 mirari
1242 2042 1364 2114 aportat,
1394 2056 1445 2097 our
1473 2038 1529 2097 iste

399 2141 581 2202 Nouatiauus
602 2143 663 2199 tam
684 2140 807 2200 nefanda
827 2144 886 2200 tam
906 2141 1007 2214 grauia
1021 2142 1052 2200 in
1067 2158 1218 2215 porsonam
1239 2142 1385 2214 lapsorum
1400 2156 1529 2200 exercere

399 2260 475 2301 nunc
488 2243 609 2313 audeat,
632 2242 858 2315 quandoquidem
879 2242 1016 2301 habemus
1031 2243 1162 2316 exempla
1175 2239 1429 2316 praeuaricationis
1444 2239 1530 2300 huius

398 2343 609 2417 praecedentia.
636 2343 704 2402 Saul
724 2343 774 2401 ille
796 2343 886 2402 bonus
907 2347 1021 2417 praeter
1042 2347 1138 2402 cetera
1157 2347 1258 2416 postea
1279 2344 1369 2403 liuore
1389 2343 1530 2401 euerdtnr

398 2447 428 2505 et
449 2448 550 2504 contra
570 2443 665 2503 Dauid
686 2443 781 2504 omnia
800 2445 921 2503 aduersa
941 2447 971 2503 et
990 2444 1105 2504 inimica
1119 2461 1204 2517 agere
1223 2444 1348 2503 molitur.
1375 2444 1463 2502 Iudas
1476 2442 1565 2503 illeso

399 2548 476 2605 inter
496 2545 642 2618 apostolos
663 2546 771 2605 alectus
793 2545 841 2618 qui
862 2562 972 2618 semper
993 2546 1023 2603 in
1045 2545 1127 2605 domo
1148 2545 1201 2604 Dei
1222 2546 1365 2603 unanimis
1386 2546 1415 2602 et
1434 2543 1528 2603 fidelis

400 2647 462 2720 ipse
488 2647 669 2721 postmodum
694 2647 787 2708 Deum
816 2646 950 2721 prodidit.
981 2647 1162 2720 praedixerat
1187 2647 1303 2721 quidem
1334 2649 1364 2704 et
1392 2645 1528 2706 Dominus

400 2748 505 2808 multos
521 2765 585 2808 osse
600 2751 737 2810 uenturos
752 2749 806 2809 sub
820 2749 946 2823 pellibus
960 2748 1055 2808 ouium
1071 2765 1189 2823 rapaces
1203 2750 1297 2822 lupos.
1325 2749 1374 2820 qui
1396 2750 1464 2806 sunt
1478 2745 1528 2806 isti

400 2865 518 2922 rapaces
533 2848 604 2924 lupi,
628 2849 687 2909 nisi
702 2867 787 2910 sensu
807 2850 925 2911 subdolo
940 2851 1137 2924 conspirantes
1152 2851 1190 2909 ad
1204 2849 1396 2909 infestandum
1411 2863 1527 2922 gregem

400 2950 532 3011 Christi?
549 2951 625 3012 siout
639 2951 763 3027 legimus
777 2953 853 3026 apud
866 2952 1032 3012 Zachariam
1046 2952 1186 3026 positum:
1208 2968 1290 3011 occe
1305 2967 1369 3025 ego
1384 2949 1527 3008 suscito
1538 2969 1564 3010 ea

400 3058 586 3128 pastorem
616 3055 799 3128 interra,
835 3056 895 3130 qui
924 3056 1016 3130 quod
1051 3072 1219 3114 auersum
1256 3056 1312 3113 est
1341 3069 1409 3112 non
1438 3049 1530 3110 uisi·

399 3155 501 3214 tabit
530 3159 567 3215 et
596 3173 727 3216 carnos
757 3157 957 3216 electorum
986 3155 1224 3216 manducabit
1253 3157 1289 3213 et
1316 3153 1417 3214 talos
1446 3151 1530 3211 illo·

400 3273 475 3317 rum
503 3260 709 3334 torquebit.
739 3259 873 3320 similitor
893 3263 924 3319 et
944 3277 995 3333 per
1015 3258 1195 3318 Ezechielem
1217 3257 1345 3330 increpat
1364 3252 1527 3314 huiusmodi

472 3475 490 3528 5
506 3474 553 3529 uz.
571 3475 613 3539 18,
631 3473 674 3528 21.
818 3476 850 3529 11
867 3475 949 3544 Apoo
968 3473 1009 3536 12,
1028 3473 1069 3527 15.
1208 3471 1275 3524 121
1293 3469 1352 3526 Cor.
1371 3471 1413 3533 11,
1429 3469 1472 3523 22
1491 3468 1533 3523 17.

403 3559 469 3614 141
488 3560 547 3615 cor.
565 3562 591 3625 8,
610 3561 635 3614 3.
739 3560 775 3613 23
792 3560 826 3614 cf.
844 3560 942 3615 Mauo.
961 3561 985 3623 7,
1004 3559 1045 3613 15.
1153 3557 1189 3611 25
1206 3556 1284 3611 Zsch.
1303 3557 1388 3618 9,16.

473 3799 488 3851 1
507 3799 703 3867 scelestumque
720 3795 753 3850 K
767 3797 815 3851 scd
837 3811 888 3863 que
905 3811 940 3849 cc
962 3793 1033 3864 qnod
1048 3799 1119 3850 m.2
1289 3793 1400 3847 heretici
1424 3793 1466 3846 K¹

402 3884 420 3936 2
439 3883 569 3938 commiss
585 3883 620 3938 K
731 3882 821 3936 dena
839 3880 920 3949 bono]
938 3878 1117 3935 succedentem
1134 3878 1292 3933 Memoriam
1310 3880 1344 3934 K
1459 3876 1534 3931 511-

404 3968 471 4023 oetis
490 3968 523 4023 K
528 3969 533 3998 ¹
695 3966 711 4019 ‘l
730 3965 815 4020 luerit
833 3968 939 4020 secutus
956 3964 993 4030 K,
1012 3964 1140 4019 iecerito
1307 3964 1342 4018 10
1359 3964 1418 4033 qui.
1436 3962 1468 4016 K

403 4055 437 4109 11
456 4054 510 4123 ore]
529 4069 608 4124 opero
624 4052 658 4107 K
744 4052 779 4107 13
795 4052 825 4105 in
841 4051 893 4105 hoo
909 4065 960 4104 ona
979 4049 1011 4103 K
1096 4048 1130 4103 17
1148 4065 1260 4118 persona
1277 4049 1309 4102 K
1396 4047 1430 4101 18
1446 4062 1534 4115 praeu.

403 4139 495 4209 huius]
513 4138 709 4208 precaricantis
726 4138 789 4192 istis
807 4137 840 4192 K
964 4135 1001 4193 21
1017 4134 1061 4189 dci
1078 4151 1130 4191 om.
1149 4135 1182 4190 K
1308 4133 1455 4188 unianimis
1471 4131 1505 4184 K

406 4225 443 4280 22
461 4223 578 4280 tradidit
595 4242 612 4282 o
681 4224 717 4281 24
729 4240 807 4279 sensu
821 4240 842 4277 s.
855 4221 1044 4293 conspirantes]
1057 4237 1150 4275 sensns
1162 4220 1332 4276 subdolorum
1346 4220 1459 4289 spiritns
1471 4217 1503 4271 K
