3720 4920
490 319 535 372 De
552 317 804 386 singularitate
821 319 1025 372 elericorum
1043 335 1065 372 c.
1084 319 1195 373 aa-ae.
1346 329 1409 392 203

273 476 490 536 nescierunt
519 480 748 537 sacramenta
773 478 848 538 Dei.
878 477 1021 540 Iohannes
1051 480 1146 539 autem
1161 482 1280 540 matrem
1295 479 1411 541 Domini

273 579 433 652 suscepisse
448 579 571 637 uidetur.
588 581 640 639 sod
655 583 775 641 matrem
791 582 872 640 cuius
887 597 981 641 mores
995 583 1158 640 maternum
1174 581 1283 642 iudicat
1296 601 1409 644 noman.

272 682 369 740 umen
395 698 450 739 nou
466 698 581 754 possum
597 683 714 741 stelias
730 683 839 742 Christi
866 685 973 743 matres
996 683 1159 756 admittere,
1185 700 1237 744 nac
1262 686 1411 760 aequanda

273 784 318 841 eet
346 783 513 843 mulieribus
542 785 653 844 cunctis
689 801 762 862 quae
801 787 902 860 genuit
936 785 1127 845 maiestatem.
1165 785 1266 845 Helias
1298 802 1410 861 quoquo

252 883 369 944 siamus
394 887 439 945 cst
465 903 482 944 a
496 885 617 945 Domino
632 886 793 961 relinquere
816 886 1000 947 solitudinem
1016 890 1046 947 ot
1061 887 1175 960 ingredi
1195 888 1410 947 tebemacnlnm

273 986 385 1046 uiduae.
401 1005 454 1062 pro
468 988 587 1062 imperio
602 988 717 1048 Domini
732 989 877 1050 laborauit
892 993 925 1048 ut
939 989 969 1048 in
985 990 1067 1049 dome
1081 990 1253 1060 mansisset,
1276 991 1322 1049 cui
1337 991 1407 1050 soli-

271 1089 341 1157 tudo
355 1090 494 1163 palatium
509 1091 677 1163 praestabat
692 1092 729 1149 ad
745 1092 889 1164 requiem:
906 1092 1083 1151 occasionem
1094 1089 1138 1149 illi
1150 1090 1288 1150 Dominus
1304 1091 1410 1152 obtulit

272 1190 309 1249 ud
322 1191 468 1264 magnalia
481 1190 627 1263 facienda,
652 1195 687 1249 ut
700 1192 786 1252 tamis
801 1196 929 1266 tempore
944 1193 1037 1267 magis
1059 1193 1115 1266 ipsi
1130 1195 1190 1251 tam
1204 1192 1308 1253 uiduae
1324 1212 1410 1269 quam

271 1292 391 1366 pupillis
403 1295 464 1352 eius
481 1294 655 1353 sufficientia
666 1295 806 1354 tribueret
821 1296 967 1366 alimenta,
990 1296 1040 1368 qui
1055 1296 1170 1355 ieiuniis
1191 1312 1282 1369 usque
1297 1314 1410 1370 quaque

236 1394 405 1455 roaddictns
420 1395 594 1455 telerauerat
608 1396 798 1470 indigentiam
813 1401 842 1456 et
858 1398 909 1470 qui
934 1398 1041 1456 missus
1056 1400 1175 1457 uenerat
1189 1398 1285 1471 pasci,
1307 1400 1410 1472 pastus

272 1497 443 1570 quinimmo
459 1498 607 1558 conferens
633 1499 747 1559 miseris
772 1499 906 1559 miserias
929 1500 1069 1573 egestatis
1090 1499 1160 1559 fecit
1175 1500 1296 1559 excludi.
1311 1503 1341 1559 et
1356 1501 1411 1560 hoc

271 1616 328 1658 uon
342 1603 439 1672 potest
453 1602 621 1674 cuiusquam
634 1602 731 1661 iuuere
746 1603 888 1673 fluxurae,
917 1618 981 1660 cum
996 1601 1079 1660 nullu
1101 1601 1188 1660 tuerit
1210 1601 1410 1674 opportunitas

271 1702 410 1774 scandali,
436 1703 485 1761 ubi
500 1705 683 1764 transeunter
704 1707 778 1778 quod
802 1705 884 1778 peius
910 1708 955 1765 est
981 1708 1143 1777 egestosam
1171 1704 1272 1764 habuit
1298 1705 1409 1764 mansi-

271 1820 353 1863 onem
369 1822 454 1878 qnam
470 1805 640 1878 quicumque
655 1806 760 1879 hospes
775 1807 924 1879 effugeret.
951 1808 983 1865 at
1004 1805 1052 1866 hic
1067 1809 1144 1879 apud
1159 1825 1230 1880 ques
1245 1808 1410 1880 hospitatus

241 1909 317 1965 esest
331 1905 601 1980 implenitetrediit‚
617 1905 668 1980 qni
683 1907 796 1966 etiamsi
807 1912 976 1978 moraretur,
993 1911 1145 1980 suspectus
1156 1924 1220 1967 esse
1234 1926 1291 1967 non
1302 1909 1410 1982 potuit.

270 2006 364 2081 qualis
379 2008 440 2066 illic
456 2008 511 2066 ruit
526 2008 740 2067 communitatis
755 2008 905 2079 adfectus,
927 2010 977 2068 ubi
993 2026 1049 2068 non
1065 2012 1129 2067 erat
1144 2009 1262 2068 uictus?
1293 2013 1322 2068 st
1338 2028 1410 2083 qua·

270 2108 326 2170 lem
341 2109 378 2166 ad
395 2109 511 2167 uiduam
526 2109 630 2167 habuit
645 2109 747 2168 Helias
763 2109 913 2168 introitum
940 2109 987 2169 cui
1009 2109 1099 2169 fames
1124 2111 1205 2170 dedit
1231 2110 1409 2184 hospitium?

270 2211 402 2285 quisquis
427 2227 459 2269 es
489 2210 538 2283 qui
568 2214 596 2270 te
618 2211 664 2271 uis
679 2211 781 2270 Heliae
797 2212 833 2270 de
847 2212 1069 2270 commoratione
1085 2212 1187 2270 uiduae
1210 2213 1305 2271 uocari
1321 2213 1409 2272 disci·

271 2313 386 2386 pulum,
412 2313 492 2386 prins
508 2311 674 2371 solitudinis
689 2314 863 2373 afflictiones
878 2318 908 2372 et
923 2314 1114 2387 quadraginta
1136 2315 1245 2372 dierum
1260 2315 1353 2373 tolera
1366 2314 1409 2374 io-

239 2413 360 2476 roinnus
386 2416 505 2487 exitum,
530 2418 560 2474 et
586 2418 637 2474 aut
662 2433 718 2476 uon
746 2432 866 2489 quaeras
893 2414 1029 2474 feminam
1055 2419 1106 2475 aut
1129 2432 1185 2473 non
1210 2416 1266 2473 erit
1280 2416 1330 2489 qui
1345 2433 1410 2475 cum

271 2515 376 2576 femina
402 2520 599 2588 commoretur,
616 2520 646 2576 st
671 2520 769 2575 tamen
795 2518 821 2575 si
836 2518 962 2575 ualueris
977 2517 1032 2575 tibi
1048 2533 1141 2575 serua.
1169 2517 1253 2575 nobis
1268 2521 1365 2576 autem
1380 2518 1411 2575 in

271 2618 376 2691 spiritu
392 2622 421 2677 et
435 2619 544 2677 uirtute
559 2618 663 2677 Heliae
679 2636 735 2677 uon
750 2619 838 2677 alium
855 2637 940 2691 quam
956 2619 1111 2677 Iohannem
1129 2618 1220 2677 solum
1242 2619 1364 2691 angelus
1380 2623 1411 2678 et

270 2718 409 2778 Dominus
427 2720 559 2778 Christus
575 2719 713 2778 insinuat.

313 2838 370 2897 Pro
385 2839 467 2897 nefas
483 2840 578 2898 dolere
594 2839 723 2912 cogimur
738 2841 814 2912 quod
830 2840 972 2912 docemus,
988 2841 1037 2914 qui
1055 2856 1144 2913 usque
1161 2840 1196 2899 ad
1212 2841 1265 2900 hec
1277 2841 1409 2900 uenimus
1421 2843 1461 2901 at

235 2961 260 3001 rs
270 2944 303 2999 ut
317 2941 348 2999 iu
373 2941 583 3013 comparatione
610 2941 749 3000 durorum
764 2944 799 3000 de
816 2945 978 3001 sanctornm
994 2944 1151 3001 tremendis
1167 2943 1323 3001 uirtutibus
1347 2943 1408 3002 dis·

269 3045 411 3116 putemus.
437 3060 522 3115 parce
538 3043 595 3101 iam
612 3059 707 3114 parce,
723 3044 906 3116 preteruitas.
938 3062 1093 3118 numquam
1110 3045 1164 3103 tibi
1180 3045 1273 3104 sancti
1289 3060 1407 3103 consen·

269 3143 346 3202 tiunt
355 3145 404 3217 qui
412 3144 547 3218 religiosa
555 3147 685 3204 modesta
699 3147 862 3204 ueneranda
877 3147 980 3218 pudica
994 3147 1135 3219 pudorata
1149 3164 1214 3205 cum
1229 3145 1342 3205 feminis
1358 3163 1409 3204 ne-

270 3247 349 3321 gotia
364 3252 545 3321 peregerunt.
562 3252 611 3306 aut
626 3249 651 3306 si
667 3250 761 3307 adhuc
777 3249 954 3322 por'sanctes
966 3250 1160 3309 cauillationis
1171 3249 1328 3309 amfractus
1340 3267 1408 3308 con·

273 3350 368 3409 tondis
383 3350 604 3424 exquireremus
620 3354 716 3410 tamen
728 3352 836 3410 amicos
847 3351 901 3409 Dei
912 3353 1109 3411 uonuouimus
1124 3353 1179 3410 uisi
1195 3355 1231 3411 ad
1249 3351 1410 3411 ueneratio-

339 3684 357 3737 3
374 3684 512 3751 aequando
531 3685 564 3739 0¹
670 3686 687 3739 6
705 3687 745 3754 ut]
765 3690 814 3739 aut
830 3686 896 3751 sort.
1006 3686 1021 3738 7
1040 3686 1172 3754 palatium
1192 3702 1215 3754 p.
1234 3687 1269 3740 ad
1291 3687 1319 3750 G,
1340 3687 1409 3741 sola-

270 3769 340 3822 tium
353 3785 378 3838 p.
398 3772 458 3822 stc
527 3771 650 3839 8magis
668 3771 750 3824 famis
767 3775 888 3840 tempore
905 3788 923 3825 e
992 3771 1079 3839 ipsius
1096 3775 1154 3823 tam
1171 3771 1200 3834 0,
1220 3775 1276 3824 tam
1294 3772 1376 3841 ipsiu

269 3854 413 3908 9ieiunii·
434 3855 574 3909 Gnarus.
629 3920 633 3928 ,
715 3872 821 3924 quaque
843 3857 903 3911 Os.
923 3856 941 3910 t.
960 3860 1035 3910 aaa
1174 3858 1206 3909 11
1225 3855 1377 3912 fecissetO

270 3939 304 3992 12
321 3940 511 4007 euinquamO
597 3941 699 3994 fluxura
720 3942 749 4006 0,
768 3942 925 3996 luxurioso
1012 3942 1047 3996 13
1064 3942 1227 3997 habuerito
1313 3942 1347 3994 14
1364 3941 1409 3996 hic

270 4023 342 4093 apud
364 4025 423 4079 Os.
442 4026 460 4079 1.
479 4029 553 4079 Μ
673 4027 707 4080 16
726 4026 848 4080 adiectus
871 4028 901 4090 0,
919 4027 1063 4082 cdectuso
1186 4029 1218 4081 17
1237 4028 1317 4082 tamis
1339 4028 1374 4084 0¹

270 4110 304 4163 ro
321 4109 450 4165 reunia
526 4111 562 4164 ao
579 4112 686 4179 quaeris
708 4113 742 4168 ο·
822 4113 857 4164 aa
874 4098 994 4168 eod-c
1067 4114 1102 4167 aa
1119 4113 1195 4166 neree
1218 4113 1247 4176 e,
1265 4111 1375 4167 sorore

270 4194 361 4248 dolore
382 4195 416 4250 0¹
519 4196 554 4249 28
572 4197 720 4251 amfractus
738 4214 776 4252 aa·
792 4197 927 4251 aciractus
950 4198 973 4254 0
