3720 4920
831 371 996 427 Carmina

533 527 717 600 Heredssqne
732 528 797 597 mei,
813 529 909 587 uarios
925 531 1069 603 decerpite
1085 531 1206 602 fructus,

534 629 609 699 Quos
624 646 740 689 nemora
754 634 784 689 et
798 631 899 704 pingui
914 633 1037 692 reddunt
1052 635 1088 692 de
1102 636 1210 708 cespite
1228 637 1331 710 campi.

470 732 512 790 50
577 733 657 793 Haec
672 733 722 791 ubi
738 733 885 806 disseruit,
902 734 980 795 laeta
994 737 1144 809 paradisus
1160 737 1189 796 in
1205 739 1272 796 aula

534 836 692 894 Instruitur
707 836 849 909 primique
865 843 995 911 aspectat
1011 840 1120 898 lumina
1134 841 1215 899 solis.

536 937 672 1011 Gignitnr
685 941 758 998 haec
773 939 849 1000 intor
864 941 957 1014 pomis
972 941 1111 1002 letalibus
1127 943 1221 1014 arbos,

535 1040 723 1100 coniunctum
738 1058 881 1116 generans
896 1044 974 1103 uitae
988 1047 1144 1119 mortisque
1161 1064 1301 1119 saporem.

535 1142 664 1202 Aedibus
679 1143 709 1201 in
721 1145 823 1204 mediis
838 1162 909 1218 puro
925 1145 989 1205 fluit
1003 1148 1118 1220 agmine
1132 1148 1247 1218 flumen,

472 1245 512 1301 55
536 1245 617 1315 Quod
632 1247 710 1318 rigat
725 1247 854 1320 insignes
870 1248 990 1322 liquidis
1006 1250 1040 1308 de
1056 1249 1191 1309 trictibus
1206 1254 1287 1309 ortus

535 1348 770 1425 Quadrilidosquc
785 1355 864 1409 secat
879 1352 1008 1409 undante
1022 1367 1057 1410 ex
1072 1351 1152 1412 tonte
1167 1357 1288 1412 meatus.

533 1450 620 1509 Fison
636 1452 769 1509 aurisonis
784 1453 934 1525 praediues
949 1453 1069 1512 flrrotuat
1083 1454 1169 1512 undis

535 1551 764 1627 Conspicunsque
778 1555 848 1614 terit
864 1571 947 1614 rauco
963 1557 998 1614 do
1012 1557 1128 1630 gurgite
1142 1572 1287 1629 gemmas:

535 1653 674 1712 Prasinus
689 1655 757 1714 huic
772 1672 887 1728 nomeu,
901 1657 946 1714 illi
962 1661 1008 1715 est
1022 1658 1212 1716 carbunculus
1227 1658 1341 1729 ardena,

471 1757 512 1814 00
534 1757 762 1831 Perspicnusque
777 1760 860 1818 uadis
876 1762 981 1817 terram
996 1759 1170 1832 praelambit
1185 1760 1292 1818 lluilat

534 1860 605 1919 Post
619 1861 696 1919 huno
709 1861 869 1935 Aethiopas
885 1861 979 1922 Gaeon
994 1863 1131 1935 adlapsus
1147 1863 1264 1936 opimat.

535 1962 651 2021 'lortius
665 1965 711 2021 est
725 1964 831 2036 Tigris,
854 1963 968 2022 Eufrati
983 1965 1137 2023 adiunctus
1152 1982 1282 2034 amoeno,

535 2064 684 2138 Assyriam
699 2064 785 2123 caleri
801 2065 949 2124 discretim
964 2067 1081 2124 flumine
1097 2066 1223 2124 sulcans.

536 2167 592 2226 Hic
608 2167 719 2239 positus
736 2170 831 2228 custos
847 2169 975 2227 Adamas
990 2186 1054 2227 curn
1071 2169 1191 2241 coniuge
1206 2167 1264 2226 fida

475 2268 514 2325 65
537 2270 633 2340 Atque
649 2269 744 2341 opifex
759 2269 813 2327 tali
829 2270 967 2328 formatur
982 2287 1051 2328 uoce
1067 2269 1211 2327 tonantis:

539 2370 583 2428 Ne
599 2370 742 2444 trepidate
757 2369 843 2429 simul
859 2370 955 2430 licitos
969 2386 1156 2444 praecerpere
1173 2370 1296 2441 fructus,

539 2471 614 2540 Quos
629 2488 728 2530 nemus
743 2473 889 2530 intonsum
904 2490 983 2531 ramo
998 2473 1148 2531 frondente
1164 2471 1284 2542 creauit,

535 2573 658 2632 Solliciti
675 2590 710 2632 ne
726 2575 801 2633 forte
816 2574 924 2633 malum
939 2575 1041 2634 noxale
1056 2574 1171 2647 legatis,

539 2675 619 2745 Quod
636 2676 711 2735 uiuet
726 2692 760 2734 ex
775 2679 889 2749 gemino
904 2677 1028 2735 discreta
1042 2677 1079 2735 ad
1094 2677 1192 2735 munia
1208 2693 1285 2734 suco.

477 2778 518 2833 70
541 2777 602 2835 Nec
617 2778 711 2836 minus
726 2779 836 2837 interea
850 2794 949 2837 caecos
964 2797 1019 2837 nox
1034 2780 1095 2837 alta
1110 2779 1227 2837 tenebat

541 2879 583 2937 Ac
599 2880 680 2937 modo
696 2879 833 2939 formatos
850 2882 939 2938 uestis
954 2896 1007 2938 nec
1021 2883 1132 2938 texerat
1148 2883 1240 2938 artus.

585 2981 646 3039 Has
661 2981 737 3040 inter
751 2983 832 3040 sedes
848 2984 877 3039 et
891 2982 987 3040 baccis
1002 2980 1120 3039 mitibus
1136 2984 1227 3051 onus,

540 3084 679 3156 Spumeus
694 3087 791 3143 astuto
805 3085 926 3144 uincens
941 3084 1077 3143 animalia
1091 3100 1190 3154 sensu,

540 3186 679 3258 Serpsbat
693 3188 781 3245 tacite
798 3187 885 3259 spiris
900 3187 1073 3259 frigentibus
1089 3186 1202 3258 anguis,

478 3288 519 3346 75
542 3288 647 3348 biuida
662 3289 786 3348 mordaci
802 3290 922 3348 uoluens
938 3289 1089 3348 mendacia
1103 3305 1201 3359 sensu,

540 3391 673 3450 Femineo
688 3395 812 3465 temptat
823 3393 877 3450 sub
892 3394 1007 3465 pectore
1022 3391 1122 3451 mollia
1136 3393 1237 3451 corda:

540 3493 595 3550 llic
608 3494 680 3551 mihi
696 3509 747 3551 cur
761 3497 874 3553 metuas
888 3493 985 3552 felicia
999 3495 1129 3568 germina
1145 3493 1235 3552 mali?

543 3595 691 3669 Numquid
701 3612 786 3668 poma
802 3596 879 3655 Deus
895 3615 951 3655 uon
966 3597 1061 3656 omnia
1075 3600 1145 3655 nota
1156 3594 1304 3654 sacrauit?

540 3697 564 3753 Ε
580 3697 645 3770 quis
661 3697 686 3755 si
701 3699 819 3756 studeas
834 3698 962 3757 mellitos
977 3714 1093 3772 carpere
1109 3699 1215 3766 uictura,

421 3998 456 4051 49
474 3984 553 4052 reddt
571 3997 599 4051 R
617 3997 741 4063 (reddent
760 4000 818 4052 etas
835 4001 1002 4066 scripturum
1013 4001 1086 4064 sistro
1097 4000 1220 4067 pertimet
1234 3999 1309 4065 Bal.)
1379 3998 1414 4051 55
1425 3996 1487 4051 hor·

352 4084 397 4137 tos
415 4085 482 4151 fort.
587 4083 620 4137 57
640 4083 716 4151 fyson
734 4084 763 4139 R
864 4086 900 4137 59
916 4072 1040 4152 prasinus
1057 4086 1086 4139 R
1189 4085 1224 4138 00
1241 4084 1339 4136 cuilam
1360 4083 1395 4144 R,
1413 4082 1488 4136 heni-

352 4168 415 4222 lath
433 4185 450 4224 5
573 4171 604 4223 61
625 4169 747 4237 etbiopas
766 4185 834 4238 goou
853 4170 889 4226 R.
907 4170 978 4225 aeth.
998 4171 1080 4238 gibou
1099 4188 1115 4224 o
1242 4172 1277 4223 02
1295 4169 1419 4236 euphrati
1438 4185 1454 4221 υ

353 4254 388 4310 76
405 4259 512 4325 pectora
530 4256 558 4310 R
