3720 4920
348 348 390 411 80
822 344 1005 415 Appendir.

349 502 424 574 quod
446 502 527 560 nulla
548 500 606 559 elia
628 503 737 563 rationo
760 503 849 562 uitam
865 507 1008 562 aeternam
1030 501 1076 560 his
1097 502 1295 574 praestaturus
1318 500 1404 569 esset,
1427 497 1484 556 nisi

349 603 472 676 primum
501 603 562 676 ipse
590 602 680 662 uitam
712 609 787 663 hanc
809 604 996 677 temporalem
1019 620 1081 662 cum
1104 602 1156 660 illa
1176 603 1294 658 aeterna
1315 599 1345 657 in
1367 613 1399 657 se
1421 599 1483 672 ipso

348 704 554 764 continuasset.
578 706 699 779 denique
722 724 786 766 curn
802 709 1039 766 conuersarentur
1054 704 1084 763 in
1099 701 1227 762 Galilaea
1241 700 1315 760 dixit
1329 700 1371 760 eia
1385 700 1482 760 Iesus:

347 805 486 878 incipit
523 805 634 866 filius
672 806 831 867 hominis
868 807 969 866 tradi
1002 807 1038 864 in
1071 821 1196 863 manus
1232 803 1415 862 hominnm
1448 803 1484 860 et

350 906 587 967 interficient
609 925 696 981 eum,
719 911 859 982 etpost
881 908 1040 968 triduum
1063 907 1242 980 resurget.
1271 908 1301 963 et
1322 902 1506 966 contristatis

349 1011 417 1067 eunt
432 1008 527 1080 nimis,
545 1010 621 1081 quia,
638 1010 722 1068 sicuti
735 1010 868 1083 diximus,
885 1010 968 1084 longe
981 1011 1124 1069 diuersum
1139 1007 1221 1081 prius
1230 1004 1334 1065 animis
1346 1021 1379 1064 ac
1391 1008 1490 1065 mente

351 1112 548 1183 conceperant.
572 1110 695 1183 denique
717 1111 764 1170 hie
785 1111 842 1170 fuit
857 1113 942 1170 etiam
960 1112 1127 1170 Iudaeorum
1143 1124 1235 1168 sermo
1250 1107 1485 1166 contradictionis

350 1212 488 1270 aduersus
503 1228 578 1283 eum,
602 1230 665 1271 curn
680 1230 711 1272 ee
726 1193 788 1286 ipse
804 1213 919 1287 quidem
934 1214 1048 1271 doceret
1067 1228 1116 1271 eos
1131 1213 1161 1270 et
1175 1210 1274 1268 futura
1288 1209 1483 1284 annuntiaret,

350 1311 394 1370 illi
420 1314 517 1371 autem
542 1311 691 1372 dicerent:
721 1330 789 1373 nos
820 1314 1026 1372 audiuimus
1048 1330 1065 1370 a
1086 1310 1167 1386 lege
1198 1311 1284 1385 quia
1312 1310 1485 1368 Christus

351 1416 469 1471 manet
491 1413 525 1471 in
548 1417 751 1475 aeternnm:
783 1418 817 1474 et
840 1416 1011 1488 quomodo
1034 1417 1072 1473 tn
1094 1414 1190 1473 dicis
1212 1413 1297 1487 qnia
1320 1410 1520 1472 exaltariro

350 1517 498 1588 oportet
519 1514 641 1574 tilium
665 1517 845 1576 hominis?
869 1518 967 1590 itaquo
991 1517 1047 1575 luit
1068 1515 1272 1590 discipulorum
1295 1516 1394 1574 eadem
1414 1516 1486 1574 hoec

349 1616 544 1689 praesumptio
567 1618 601 1675 do
624 1617 749 1689 Christo,
776 1623 977 1692 prommpento
998 1619 1028 1676 in
1049 1619 1137 1677 istum
1153 1633 1310 1677 sermonem
1325 1616 1484 1675 incrudeli-

350 1718 421 1777 tatis
443 1734 511 1776 suae
527 1718 612 1777 Petro
628 1719 690 1792 ipso
706 1720 775 1778 duce
791 1737 825 1778 ac
842 1719 970 1793 principe
996 1719 1196 1791 apostolorum.
1222 1717 1377 1776 cumcuim
1394 1734 1411 1774 a
1427 1717 1484 1776 Dc-

351 1820 427 1880 mino
443 1819 528 1879 simol
544 1836 607 1878 cum
631 1821 735 1879 ceteris
750 1819 854 1880 fuisset
870 1820 1063 1894 interrogatus
1078 1820 1212 1894 quidnam
1225 1818 1346 1878 sentiret
1361 1820 1396 1877 de
1411 1817 1484 1890 ipso,

351 1922 439 1980 idest
454 1938 537 1995 quom
557 1938 618 1981 esse
634 1938 698 1980 cunr
715 1922 900 1995 existimaret,
917 1926 947 1982 et
957 1923 1047 1996 primo
1059 1924 1210 1981 rreritatem
1223 1921 1370 1980 confessus
1381 1919 1485 1978 fuisset
1495 1938 1519 1978 rs

353 2023 449 2081 dicens
464 2039 527 2081 esso
543 2039 606 2080 eum
623 2022 768 2081 Christum
790 2024 881 2082 filium
902 2024 955 2083 Dei
975 2023 1035 2081 uiui
1057 2027 1086 2081 et
1100 2026 1251 2096 propterea
1266 2023 1368 2080 beatus
1383 2022 1420 2079 ab
1435 2020 1486 2078 illo

352 2123 494 2183 iudicatus
510 2128 597 2195 esset,
615 2124 689 2196 qnod
705 2126 759 2183 hoc
774 2142 830 2183 non
848 2125 1001 2184 carnaliter
1014 2127 1064 2184 sed
1084 2142 1135 2198 per
1149 2125 1241 2198 patris
1257 2123 1390 2183 caelestis
1403 2138 1486 2181 reue·

349 2225 485 2283 lationem
511 2225 664 2283 adsecutos
685 2228 771 2297 esset,
799 2226 874 2285 idem
897 2229 1002 2295 tamen
1029 2227 1078 2284 ubi
1103 2225 1197 2299 coepit
1226 2226 1307 2284 Iesus
1335 2225 1485 2284 ostendere

350 2326 499 2400 discipulis
523 2325 584 2385 suis
608 2326 677 2400 quia
699 2329 843 2399 oporteret
866 2343 929 2384 eum
944 2326 1169 2400 Hierosolymam
1184 2327 1226 2383 ire
1242 2327 1272 2383 et
1287 2325 1378 2382 multe
1392 2324 1453 2398 pati
1468 2340 1486 2381 a

353 2426 512 2485 senioribus
534 2430 564 2484 et
578 2427 777 2486 sacerdotibus
799 2429 829 2485 et
844 2426 948 2484 scribis
963 2430 992 2484 et
1015 2427 1136 2486 interfici
1152 2429 1261 2499 etpost
1276 2426 1351 2483 diem
1367 2425 1484 2482 tertium
1494 2445 1522 2484 ro·

351 2544 509 2600 resurgere,
527 2527 715 2586 nihilominus
730 2526 781 2585 illa
796 2543 882 2585 uerus
897 2526 1005 2586 Christi
1026 2527 1169 2586 confessor
1190 2530 1257 2599 post
1272 2525 1408 2599 pauculos
1425 2525 1486 2583 dies

351 2631 497 2702 assumpto
520 2644 553 2687 so
576 2629 671 2701 coepit
700 2628 782 2686 illum
813 2627 955 2700 corripere
978 2628 1090 2688 diosna:
1120 2628 1309 2702 propitius
1330 2626 1382 2685 eit
1404 2626 1484 2699 tibi,

350 2748 418 2790 non
440 2731 514 2789 erit
536 2729 646 2800 istud,
670 2729 712 2788 ita
736 2733 771 2788 ut
796 2733 948 2803 propterea
973 2730 1071 2789 eudim
1091 2730 1244 2789 aDcmiuo
1266 2728 1483 2789 commerueritt

349 2833 439 2890 uado
462 2834 545 2904 post
567 2846 618 2888 ma
646 2833 814 2901 satanas,
846 2831 1056 2890 scandalum
1079 2831 1170 2890 mihi
1192 2848 1247 2905 es,
1277 2831 1313 2891 ob
1335 2830 1390 2890 hoc
1412 2830 1486 2903 quod

350 2950 404 2992 nou
422 2933 536 3005 superet
550 2947 584 2990 oa
599 2946 671 3004 quae
687 2934 756 2989 sunt
769 2929 823 2989 Dei
839 2932 891 2989 sod
906 2948 939 2991 aa
953 2948 1026 3004 quac
1040 2935 1108 2990 sunt
1124 2932 1277 2991 hominum.
1299 2949 1372 3005 quae
1388 2932 1482 2992 incre·
1493 2961 1519 3001 25

350 3035 428 3107 patio
454 3036 591 3094 aduersus
612 3035 730 3093 Petrum
757 3033 849 3108 magis
872 3034 1020 3109 magisque
1043 3033 1134 3094 eluxit
1158 3035 1335 3108 adprehenso
1350 3033 1484 3106 Domino,

350 3154 412 3195 oum
428 3153 445 3193 a
460 3135 629 3195 muliercula
644 3136 816 3194 conterritus
838 3136 960 3196 diceret:
983 3137 1106 3196 nescio
1130 3137 1215 3210 quid
1238 3135 1348 3205 dicas,
1370 3152 1486 3209 neque

349 3237 434 3298 noui
457 3239 508 3309 te,
533 3237 688 3296 etiterum
711 3254 775 3296 cum
799 3240 854 3298 hcc
875 3237 951 3296 idem
972 3238 1079 3298 diceret
1100 3238 1229 3297 adhibito
1252 3237 1434 3296 iureiurando
1457 3240 1487 3296 et

349 3339 436 3399 tertio
459 3339 599 3400 denotans
615 3342 645 3398 et
659 3339 758 3399 iurans
780 3339 944 3399 adfirmaret
964 3340 1096 3413 quoniam
1112 3358 1168 3399 non
1183 3344 1283 3399 nosset
1297 3339 1439 3399 hominem
1456 3342 1486 3398 et

260 3518 262 3521 Ι
349 3457 406 3500 nou
422 3441 511 3501 semel
527 3442 578 3500 sed
592 3441 707 3515 saepius
722 3459 785 3502 enm
802 3445 948 3515 negasset,
965 3443 1039 3516 quod
1051 3441 1199 3501 consilium
1212 3441 1238 3501 ei
1250 3442 1383 3514 qnoniam
1396 3456 1485 3515 neque
1495 3467 1522 3506 30

354 3545 390 3602 ad
416 3543 578 3616 passionom
604 3543 721 3603 Domini
746 3547 995 3617 perseueratumm
1021 3546 1083 3603 crat
1107 3543 1198 3603 multo
1223 3545 1304 3617 prius
1325 3561 1343 3602 e
1364 3543 1485 3602 Domino

350 3645 445 3718 palam
471 3645 580 3704 factum
607 3648 662 3716 est,
689 3649 723 3705 ut
751 3663 803 3705 nos
827 3662 937 3718 quoque
954 3644 983 3703 id
1008 3663 1063 3704 uon
1078 3645 1249 3719 ignoremus.
1274 3645 1395 3717 denique
1421 3646 1487 3718 post

417 3841 550 3896 dMattle
573 3843 599 3905 9,
617 3843 661 3897 30.
813 3842 885 3896 910.
906 3842 1009 3908 1234.
1160 3844 1194 3896 22
1214 3842 1312 3896 Metth.
1333 3843 1376 3904 16,
1394 3841 1428 3894 16
1446 3857 1485 3910 eq.

347 3929 381 3982 27
401 3928 501 3981 Mareu.
520 3927 563 3991 26,
581 3928 616 3981 70
633 3943 672 3996 eq.

419 4124 518 4192 (iquia
532 4163 538 4177 .
553 4162 560 4176 .
574 4163 580 4176 .
594 4124 692 4178 animis
710 4139 761 4179 om.
780 4124 843 4193 Rig.
957 4124 990 4178 19
1007 4127 1113 4193 oportet
1130 4125 1209 4178 illurn
1227 4124 1289 4193 ag.
1394 4120 1428 4174 23
1446 4120 1485 4172 ita

353 4224 404 4263 om.
424 4209 486 4280 Rip.
591 4210 626 4264 28
643 4207 714 4263 idem
733 4225 784 4264 one.
802 4210 864 4280 Rip.
