3720 4920
598 347 644 402 De
660 346 838 402 duodecim
855 347 1016 402 ebusiuie
1034 346 1163 401 soeculi
1183 340 1207 401 o.
1224 345 1302 401 6-1.
1415 423 1420 432 „
1454 348 1518 416 163

379 521 525 566 sermones
550 506 738 580 interdicunt,
770 506 874 582 quibus
899 508 957 568 uit:
994 507 1114 568 nolite
1135 506 1295 581 diligere
1332 505 1516 578 mundum,

381 624 496 684 neque
518 625 558 669 ee
579 611 727 684 quaein
749 611 879 669 mundo
902 612 1014 670 sunt?
1037 610 1136 670 mundi
1157 610 1233 669 enim
1254 626 1333 669 emor
1348 611 1379 667 et
1392 607 1446 666 Dei
1461 624 1515 680 pe·

380 709 453 770 riter
467 711 498 770 in
512 729 568 772 uno
582 712 667 772 corde
682 713 850 773 cohabitare
864 730 921 773 non
937 715 1077 787 possunt,
1108 712 1344 788 quemadmodum
1358 710 1435 772 oculi
1450 726 1517 771 oee-

287 861 289 864 .
381 811 441 871 lum
455 814 564 886 puriter
579 816 608 873 et
629 818 735 874 terrum
750 832 931 891 nequaquem
945 816 1136 889 conspiciunt.
1168 816 1219 874 sed
1239 814 1441 888 requirendum
1461 816 1517 884 esi,

358 914 408 973 ssi
421 931 490 974 nere
504 916 534 974 in
549 919 652 976 mundo
667 915 832 991 adquieuit
847 918 923 992 quod
937 917 1028 977 emori
1044 915 1151 978 debeat
1175 916 1284 991 etquis
1311 917 1351 977 sit
1365 916 1416 977 ille
1431 933 1515 975 mun·

380 1015 435 1074 dus
449 1033 534 1091 quem
549 1019 632 1093 diligi
647 1019 747 1078 diuina
760 1019 877 1093 eloquis
891 1022 1002 1079 netem.
1025 1022 1105 1078 terre
1120 1035 1188 1092 ergo
1204 1036 1268 1079 cum
1281 1019 1466 1086 noscentibus
1482 1034 1518 1077 ex

381 1132 416 1177 ee
430 1121 460 1178 et
473 1119 599 1180 metallis
614 1123 644 1180 et
658 1122 854 1181 animantibus
869 1125 899 1180 et
913 1121 1106 1195 pulcritudine
1121 1121 1245 1181 uestium
1265 1124 1295 1181 et
1315 1119 1516 1180 oblectationi·

379 1219 434 1279 bue
449 1220 576 1281 ciborum
590 1223 682 1282 ethis
697 1240 769 1297 quae
785 1223 823 1281 ed
837 1222 910 1281 heoc
923 1223 1072 1296 pertinent
1086 1239 1142 1282 non
1158 1221 1240 1296 diligi
1255 1220 1442 1296 praecipitur,
1466 1222 1517 1282 sed

379 1322 525 1395 proximus
540 1327 657 1400 propter
683 1342 767 1400 quem
792 1326 865 1385 haec
891 1327 988 1385 omnic
1013 1325 1091 1384 iuste
1105 1327 1174 1384 sunt
1193 1325 1283 1384 umeri
1298 1325 1422 1386 iubetur.
1443 1324 1517 1384 haec

344 1442 372 1481 ro
379 1425 456 1483 enim
471 1427 566 1485 omnic
577 1427 725 1501 praedicte
739 1426 822 1488 uelut
845 1445 901 1487 non
923 1445 1058 1487 mensure
1079 1429 1115 1487 ud
1137 1427 1290 1487 coelestem
1311 1428 1435 1501 putrium
1450 1443 1517 1500 per·

380 1531 482 1599 genus
493 1527 624 1586 comitari
639 1533 794 1603 nequeunt.
810 1530 935 1605 proximi
949 1547 1016 1588 uero
1031 1529 1114 1589 uelut
1127 1529 1253 1588 mensuri
1268 1528 1347 1602 regis
1362 1529 1516 1588 coheredes

381 1631 473 1687 semet
487 1629 565 1701 ipsos
576 1629 696 1689 licenter
711 1631 835 1691 inuicem
846 1631 983 1704 diligunt.
999 1631 1075 1704 qnod
1089 1647 1158 1705 ergo
1172 1646 1283 1702 semper
1296 1629 1327 1688 in
1341 1630 1445 1688 mundo
1460 1646 1518 1689 non
1592 1615 1593 1619 ¹

380 1735 478 1791 menet
492 1735 522 1791 et
537 1750 601 1792 cum
621 1733 725 1792 mundo
748 1733 858 1807 pariter
882 1733 994 1792 deliciet
1021 1734 1127 1806 etipse
1148 1733 1270 1791 mundns
1284 1750 1341 1791 non
1355 1732 1446 1790 umeri
1462 1732 1516 1791 im·

380 1835 514 1905 peretur:
531 1835 675 1905 proximus
691 1838 786 1894 eutem
801 1828 852 1908 qui
867 1839 912 1894 cet
927 1851 995 1907 pers
1009 1834 1092 1906 regni
1109 1833 1241 1892 caelestis
1264 1831 1294 1890 in
1309 1836 1386 1891 terre
1400 1832 1517 1891 interim

346 1948 400 1991 ree
414 1935 495 2007 regni
508 1936 650 1995 caelorum
673 1937 884 2009 appetitoribus
898 1954 955 1996 non
967 1935 1122 2009 incongrue
1138 1937 1258 2005 emetur,
1273 1935 1340 1992 dum
1360 1934 1391 1992 iu
1406 1951 1517 1993 summe

379 2034 432 2094 ille
454 2037 549 2109 patrie
574 2037 604 2095 in
624 2041 774 2096 aeternum
799 2039 915 2097 coheres
945 2035 1108 2095 habebitur.
1131 2037 1285 2108 propteree
1305 2051 1372 2093 uero
1393 2035 1516 2093 mundns

380 2153 518 2211 praesens
531 2156 589 2198 non
604 2138 687 2212 diligi
702 2139 880 2212 imperatur,
903 2155 939 2198 ne
955 2155 973 2196 e
987 2136 1041 2196 Dei
1056 2136 1207 2197 dilectione
1222 2136 1332 2196 elienus
1348 2135 1456 2195 sacculi
1471 2136 1517 2194 di-

379 2238 471 2297 lector
486 2239 605 2312 quisquc
620 2239 772 2305 efficietur.
788 2257 846 2299 non
860 2256 929 2313 ergo
941 2239 1028 2299 debet
1038 2238 1170 2298 contendi
1182 2238 1256 2312 quod
1271 2254 1327 2296 non
1337 2236 1407 2295 licet
1417 2237 1517 2295 umeri.

380 2338 473 2413 igitur
499 2341 679 2400 Christianus
706 2342 755 2413 qui
781 2341 905 2399 nominis
927 2340 1036 2398 Christi
1062 2339 1280 2398 similitudinem
1306 2341 1386 2395 tenet
1407 2355 1519 2397 morum

344 2455 493 2515 aequoque
508 2441 724 2501 similitudinem
746 2443 854 2502 habore
880 2442 973 2501 debet.
997 2440 1179 2500 Christianus
1194 2440 1270 2498 onim
1281 2442 1359 2498 recte
1373 2456 1457 2499 nemo
1473 2440 1518 2498 di·

379 2542 471 2615 citur,
495 2544 551 2603 nisi
566 2544 615 2618 qui
630 2543 743 2606 Christo
758 2546 886 2604 moribus
909 2546 1090 2618 coaequetur.
1114 2544 1149 2602 de
1171 2543 1283 2602 Christo
1299 2557 1367 2601 uero
1384 2558 1435 2614 per
1450 2559 1518 2614 pro·

379 2646 497 2720 phetam
518 2646 560 2704 ita
585 2646 774 2705 describitur:
798 2663 983 2720 eccepuer
1006 2662 1102 2704 meus
1125 2662 1226 2717 quem
1244 2643 1355 2719 elegi,
1371 2641 1517 2703 electus

378 2763 491 2820 meus,
515 2748 738 2822 conplacuit
766 2748 843 2807 sibi
872 2749 909 2805 in
932 2748 998 2807 illo
1021 2748 1147 2806 anime
1167 2763 1255 2805 mee:
1288 2763 1420 2820 ponam
1443 2745 1516 2818 spi·

378 2847 490 2909 ritum
512 2866 623 2910 meum
644 2867 755 2924 super
776 2867 862 2910 oum.
885 2867 953 2911 nen
980 2848 1176 2910 contendet
1200 2865 1315 2922 neque
1337 2847 1517 2908 clemebit

448 3115 462 3168 1
481 3115 496 3169 1
513 3115 551 3169 Io.
569 3115 595 3178 2,
615 3116 656 3168 15.
760 3114 795 3168 22
812 3115 857 3168 Es.
876 3115 919 3178 42,
939 3115 964 3167 1.
982 3114 1008 3168 2.

447 3377 463 3428 1
475 3393 560 3430 sermo
574 3377 715 3432 interdicit
727 3377 759 3430 X
822 3376 934 3445 quibus]
946 3392 1000 3445 quo
1013 3377 1052 3440 X,
1064 3376 1140 3444 quic
1203 3376 1220 3429 3
1232 3375 1319 3446 corde]
1330 3391 1440 3445 corpore
1457 3376 1484 3429 V

377 3460 503 3514 hebitcre
522 3461 583 3515 XV
707 3462 779 3516 idem
796 3462 869 3515 oculi
888 3462 935 3514 Xe
1061 3460 1233 3528 despiciunt
1251 3461 1282 3514 X
1408 3461 1515 3529 bquie]

377 3545 496 3612 quodV
579 3546 645 3599 'len
663 3547 700 3614 et]
720 3563 752 3600 ee
774 3547 800 3599 V
879 3547 985 3600 8iise
1066 3545 1266 3614 praecipiuntur
1284 3546 1314 3598 X
1396 3546 1431 3598 10
1444 3545 1516 3599 enim

377 3644 428 3685 om.
446 3630 477 3684 X
579 3632 612 3685 11
631 3632 839 3688 concomiteric
968 3632 1003 3686 13
1019 3634 1111 3685 manet
1128 3632 1165 3701 ct]
1184 3633 1275 3685 munet
1294 3631 1325 3685 X
1341 3647 1358 3685 e
1374 3633 1407 3686 in
1424 3647 1480 3685 res,

377 3716 541 3771 albetone
564 3721 587 3771 G
656 3718 816 3788 imperetur]
835 3718 1003 3788 praecipitur
1024 3717 1065 3773 Vc
1136 3717 1169 3772 14
1186 3718 1305 3787 interim]
1324 3719 1354 3771 et
1369 3718 1441 3771 inter
1459 3717 1516 3771 ime

377 3800 545 3882 elementer>
660 3805 693 3857 15
713 3820 797 3858 eoru.
816 3805 847 3858 X
962 3802 1154 3873 appetentibus
1172 3803 1203 3857 X
1322 3818 1446 3872 supreme
1463 3821 1481 3858 e

378 3887 411 3939 17
429 3904 537 3956 presens
554 3888 652 3943 idcirco
669 3891 719 3944 X.
777 3888 859 3959 edei]
879 3889 913 3942 ed
931 3889 990 3942 cine
1011 3890 1038 3943 V
1114 3890 1148 3943 18
1164 3888 1282 3943 efficitur
1302 3888 1330 3943 V
1404 3889 1438 3942 19
1457 3889 1514 3957 qui]

378 3974 466 4026 omniu
489 3974 515 4026 V
613 3975 648 4028 20
665 3991 770 4043 qnoque
787 3991 836 4028 cm.
860 3975 893 4039 V,
912 3990 1018 4043 quoque
1035 3975 1129 4029 eiueo
1234 3973 1314 4028 dehet
1331 3973 1431 4027 hebere
1450 3972 1482 4027 X

378 4074 456 4114 nemo
473 4061 579 4116 recteo
681 4061 716 4115 21
734 4059 849 4129 christo]
868 4060 893 4114 ei
911 4061 942 4113 X
1050 4061 1123 4130 uero]
1141 4060 1212 4115 enim
1232 4059 1264 4114 X
1357 4060 1401 4113 22
1420 4059 1517 4113 scribi·

378 4149 459 4201 turo
561 4147 766 4215 pner1filiueo
870 4146 905 4200 23
922 4148 951 4199 in
969 4146 1020 4199 illo
1038 4146 1126 4202 sibio
1235 4147 1342 4200 animes
1360 4161 1434 4199 mese
1456 4146 1483 4199 V

377 4230 414 4284 24
430 4229 567 4285 contendit
588 4230 658 4285 G¹X
759 4230 891 4286 clemeuit
911 4233 948 4286 6¹

1234 4318 1308 4382 11*
