3720 4920
348 328 411 396 278
817 328 1001 399 Appendix.

348 488 395 546 bio
411 487 580 560 fragilitatis
594 489 749 560 humanae,
773 505 847 561 quae
861 488 1037 562 patrocinari
1063 505 1120 548 uon
1135 491 1233 562 potest
1247 486 1433 549 diffidentiae.
1448 487 1475 545 si

348 589 425 647 enim
440 589 643 649 desolationem
659 590 732 650 ferre
746 590 876 649 hominos
898 607 955 650 nou
978 591 1118 661 ualerent,
1145 607 1298 662 numquam
1313 605 1430 662 prorsus
1456 607 1474 649 a

319 761 321 767 Ι
347 707 378 748 se
390 707 442 750 sua
452 693 572 764 pignera
585 692 769 751 dimisissent.
785 693 938 752 destitutos
950 711 1007 752 sea
1021 691 1208 752 morientibus
1220 693 1431 763 conqueruntur
1443 695 1474 750 et

348 793 1473 869 uiuostiliosautpropterlitterasantpropterbouoresautpropternegotiape·

348 895 471 969 regrinis
481 896 644 969 regionibus
652 899 779 968 credunt,
791 900 821 957 et
828 896 957 971 gaudent
965 900 1054 957 totam
1066 898 1156 956 uitam
1164 897 1226 956 sine
1235 897 1385 956 affectibus
1396 913 1497 957 com-a

348 997 463 1071 morari,
475 999 625 1058 dummodo
640 999 756 1073 capiant
770 1000 845 1073 quod
860 1000 979 1073 cupiunt
994 1002 1029 1059 de
1043 1000 1104 1060 suis
1118 999 1286 1073 pigneribus
1298 998 1429 1072 adipisci.
1448 1002 1478 1060 et

350 1104 382 1159 ut
387 1103 423 1160 ad
430 1100 538 1174 palatia
544 1103 666 1174 pergant
672 1103 900 1175 peregrinantur,
913 1103 1211 1175 adstudiadignitatis
1223 1102 1362 1176 nauigant
1374 1103 1475 1176 aequi·

351 1204 439 1262 reuda
464 1204 511 1262 uel
537 1205 574 1263 ad
598 1220 699 1263 causas
726 1205 891 1277 patrimonii
919 1206 1030 1278 aliquas
1054 1205 1239 1279 explicandas
1254 1222 1304 1278 per
1319 1205 1432 1265 labores
1446 1207 1477 1264 et

350 1305 476 1377 pericula
497 1306 709 1381 proficiscentes
724 1322 822 1364 omnes
837 1307 1001 1380 impellunt,
1027 1325 1080 1366 uec
1094 1323 1189 1365 secum
1205 1325 1307 1365 uacare
1321 1323 1392 1379 quos
1407 1307 1475 1366 dili·

350 1409 423 1478 gimt
442 1408 599 1480 patiuntur.
617 1409 647 1466 ιι
662 1411 695 1466 ιιι
709 1408 743 1464 ad
760 1407 870 1479 palatia
885 1408 967 1480 caeli,
983 1409 1019 1466 ad
1042 1409 1138 1467 studia
1154 1408 1272 1477 christi,
1287 1410 1324 1467 ad
1339 1409 1475 1467 honorem
1485 1424 1511 1464 re

351 1508 427 1566 uitae
442 1511 603 1582 perpetuae,
619 1508 656 1566 ad
671 1507 874 1582 patrimonium
885 1510 1076 1582 possessionis
1091 1513 1225 1568 aeternae
1243 1528 1306 1569 cum
1322 1509 1477 1569 securitate

351 1611 466 1669 rruleant
480 1611 639 1683 peruenire,
654 1627 736 1670 nemo
751 1611 826 1670 tilios
841 1629 908 1670 suos
923 1612 1047 1671 libenter
1058 1631 1076 1671 a
1087 1630 1118 1671 se
1133 1610 1298 1684 gratulatur
1311 1613 1474 1672 abscedere.

352 1714 468 1784 propter
483 1713 593 1770 incerta
607 1728 658 1785 per
672 1712 781 1770 incerta
808 1713 899 1771 filium
920 1713 966 1772 uel
989 1713 1108 1772 fratrem
1124 1713 1170 1771 uel
1187 1716 1333 1786 parentem
1348 1716 1477 1787 peregri·

351 1813 414 1870 nari
429 1814 623 1886 uuusquisque
637 1813 793 1885 compellit,
809 1817 840 1872 et
854 1818 971 1887 propter
986 1817 1065 1873 certa
1075 1832 1127 1888 per
1138 1819 1217 1873 certa
1228 1832 1341 1872 auorum
1353 1814 1478 1888 aliquem

351 1913 493 1987 proticisci
509 1915 607 1973 nullus
629 1914 766 1975 admittit.
791 1917 827 1974 ad
853 1917 1045 1990 comparanda
1070 1919 1188 1990 peccata
1209 1917 1334 1989 gaudent
1348 1919 1408 1974 tam
1422 1933 1475 1991 pa·
1487 1932 1513 1972 ιι

352 2019 448 2075 rentes
462 2034 480 2074 a
495 2017 564 2074 tiliis
580 2035 665 2089 quam
680 2017 734 2075 lilii
749 2035 767 2075 ι
781 2020 949 2091 parentibus
964 2021 1136 2092 prouocante
1151 2017 1264 2078 diabolo
1279 2019 1416 2092 separari,
1440 2019 1478 2077 ad

354 2117 561 2190 indulgentiam
576 2119 785 2192 percipiendam
801 2119 903 2178 nolunt
925 2121 961 2179 ab
984 2120 1106 2178 inuicem
1121 2120 1179 2179 Deo
1202 2123 1321 2178 uocaute
1343 2119 1478 2191 discomi,

354 2222 386 2277 ut
402 2223 539 2293 appareat
552 2224 610 2279 uou'
624 2238 674 2293 pro
691 2220 799 2281 ratione
814 2224 914 2280 nostra
934 2239 987 2282 nos
1004 2222 1100 2281 dolere
1123 2239 1326 2295 quemcumque
1351 2223 1481 2281 uidemur

354 2320 496 2391 amittere,
509 2323 559 2378 sed
571 2320 706 2379 indicium
717 2321 810 2394 magis
820 2321 969 2381 ostendere
981 2322 1166 2393 diffidentiae,
1179 2323 1295 2395 quinon
1307 2321 1480 2379 sustinemus

356 2425 518 2482 nostrorum
534 2423 722 2496 protectiones
737 2423 773 2482 ad
788 2423 950 2495 Dominum,
966 2441 1086 2497 quorum
1101 2423 1345 2498 peregrinationes
1366 2422 1397 2480 in
1412 2438 1478 2481 sae·
1487 2439 1514 2480 ao

355 2523 418 2582 culo
438 2524 626 2598 gratulamur.
648 2525 715 2597 quia
730 2525 871 2583 credimus
886 2526 984 2583 mundi
999 2525 1096 2602 lucris,
1112 2525 1268 2582 toleramus
1283 2524 1375 2582 diuisa
1389 2523 1480 2582 nostri

354 2626 480 2698 corporis
492 2627 626 2684 membra.
643 2626 668 2684 si
679 2626 821 2685 credimus
832 2626 885 2684 Dei
896 2627 1055 2699 promissis,
1067 2629 1133 2700 post
1147 2625 1352 2686 abscessionem
1367 2626 1479 2682 nostro·

356 2745 419 2787 rum
445 2727 518 2786 nihil
549 2728 628 2787 aliud
651 2745 734 2802 quam
760 2727 871 2800 gratias
897 2728 1046 2788 debuerint
1072 2744 1204 2788 resonare
1240 2727 1330 2786 nostri
1359 2725 1482 2800 pectoris

427 3091 523 3141 lenae
542 3104 648 3159 quacp
780 3089 1028 3143 2desclationesb
1165 3089 1287 3142 homiues
1306 3088 1374 3142 ferre
1392 3089 1450 3143 Zbe
1488 3094 1490 3100 ’

358 3159 572 3241 numquam'cm.
591 3174 618 3226 Ζ
719 3191 736 3228 a
753 3176 790 3244 sc]
808 3179 932 3244 parentes
950 3193 967 3229 a
985 3177 1048 3230 seb
1149 3175 1167 3228 4
1185 3177 1233 3228 aut
1249 3178 1358 3244 propter
1377 3176 1485 3229 litteras

357 3260 443 3311 ouulr
558 3259 651 3312 biota
669 3261 728 3312 uita
744 3262 800 3328 ιμυ
915 3262 1082 3330 commorari]
1101 3262 1259 3314 commoneri
1277 3261 1303 3312 Z
1418 3260 1485 3314 oda

358 3342 414 3394 suis
432 3344 543 3411 cupiunt
561 3345 603 3399 Ze
718 3345 866 3415 lpalatia]
885 3333 971 3415 pi'tiam
990 3347 1017 3399 Z
1170 3347 1214 3399 uel
1232 3345 1407 3414 adquirendae
1426 3348 1452 3400 Z

358 3428 426 3481 aad
445 3445 496 3482 coa.
514 3429 555 3483 Za
651 3431 755 3497 aliquae
773 3446 824 3486 ceu.
843 3432 884 3485 Ze
982 3448 1029 3500 per
1046 3433 1065 3486 Ι.
1083 3448 1106 3485 e.
1124 3433 1251 3501 pericula]
1269 3448 1329 3485 curu
1347 3431 1439 3485 labore
1457 3435 1485 3486 et

358 3513 510 3580 periculcb
634 3515 758 3569 9omnes
776 3531 825 3569 con.
844 3531 897 3585 rav
1021 3518 1055 3571 10
1071 3516 1203 3586 palatium
1222 3518 1263 3570 Zc
1388 3518 1419 3569 11
1439 3516 1485 3584 ad]

358 3603 386 3653 et
404 3601 447 3654 Zle
562 3602 596 3655 12
613 3618 630 3655 a
647 3619 674 3655 ee
691 3603 843 3658 libenterlr
959 3604 1118 3657 abscondero
1134 3604 1161 3656 Z
1271 3605 1305 3657 13
1322 3605 1480 3673 propter...

358 3687 374 3738 l.
395 3690 429 3740 15
447 3685 571 3740 admittit
588 3689 668 3741 omdu
736 3688 839 3742 incerta
856 3705 903 3757 por
921 3690 1033 3758 incerta]
1052 3705 1109 3743 rem
1128 3688 1296 3742 ineertamZ
1362 3688 1396 3741 14
1412 3691 1487 3741 corta

359 3786 404 3838 per
423 3773 506 3842 certa]
524 3774 625 3826 certam
644 3773 669 3825 Ζ
761 3775 794 3826 16
812 3777 932 3842 separari
950 3779 1111 3843 prouceaute
1128 3774 1235 3828 diabolo
1255 3774 1295 3828 Ze
1388 3772 1421 3826 18
1437 3789 1487 3841 pa·

357 3856 416 3907 reat
434 3857 467 3923 μι
559 3871 606 3924 pro
624 3860 715 3910 uestra
733 3859 838 3911 ratione
856 3874 904 3910 uos
922 3876 947 3922 o,
965 3858 1148 3927 probationem
1168 3861 1288 3911 nostram
1306 3859 1331 3911 Z
1421 3873 1485 3925 que

357 3956 468 4009 cumque
485 3957 502 3994 r
572 3942 605 3995 19
622 3941 650 3995 in
669 3943 796 3996 iudicium
813 3944 879 4010 Zp¹,
897 3944 1027 3998 iudicium
1046 3946 1080 4013 μ’
1156 3945 1201 4012 qui
1213 3983 1218 3996 .
1229 3983 1235 3995 .
1246 3959 1289 4010 ,μ
1306 3947 1368 4005 279,
1386 3948 1401 3995 1
1420 3959 1486 4012 gau·

356 4026 505 4081 disemis
620 4027 656 4080 20
672 4028 849 4096 professiones
867 4029 894 4081 Z
1014 4031 1156 4099 peregrine
1174 4030 1201 4082 Z
1316 4029 1351 4082 22
1369 4029 1408 4082 sic
1426 4028 1485 4082 rad·

357 4112 445 4166 dimus
462 4116 504 4182 a',
522 4113 546 4166 si
565 4113 729 4167 crederemus
747 4115 789 4169 Zc
887 4120 915 4169 et
933 4116 976 4170 dei
993 4118 1192 4186 promissumZ
1276 4115 1414 4168 absesicnc
1433 4136 1451 4182 μ

356 4199 392 4252 23
410 4200 522 4268 gratius]
541 4200 568 4252 in
588 4186 637 4268 gra
655 4201 681 4254 Z
783 4201 929 4255 debuerant
947 4220 963 4257 u
1068 4205 1201 4271 pectorum
1222 4201 1248 4253 Ζ
