3720 4920
436 384 500 449 22ss
907 378 1085 448 Appendir

408 542 427 597 8
480 544 551 602 Plus
565 546 610 601 est
624 541 725 599 tollere
741 541 889 612 peceatum
905 556 990 612 quam
1006 541 1124 611 peecata
1139 544 1168 596 θῖ
1183 540 1331 610 peccatum
1346 552 1401 594 non
1413 536 1499 594 huius
1515 538 1567 593 ant

436 647 516 705 illins
531 647 581 704 sed
597 644 704 702 mnndi.
729 659 833 714 corpus
849 641 924 700 enim
939 641 1049 714 peceati
1066 640 1201 698 mundum
1216 639 1379 698 uniuersum
1397 641 1567 711 occuparet:

438 750 491 806 hee
518 764 567 820 per
583 745 728 802 Christum
755 761 819 801 osse
847 741 991 801 sublatum
1019 742 1136 815 sanguis
1163 740 1253 814 ipsius
1280 758 1330 812 pro
1352 740 1434 798 nobis
1458 739 1568 799 effusus

437 848 531 908 reddit
556 848 673 907 euidens
699 845 906 914 testimonium,
934 843 1037 902 melius
1064 860 1114 916 pro
1145 843 1227 901 nobis
1253 843 1380 916 loquens,
1414 845 1444 900 nt
1474 843 1567 915 inquit

437 945 594 1024 apestolus,
615 966 700 1021 quani
716 947 836 1019 sanguis
852 947 936 1004 Abel.
960 945 1101 1017 siquidem
1117 944 1165 1002 ille
1180 943 1307 1003 olamans
1323 946 1357 1002 de
1374 947 1451 1002 terra
1467 944 1587 1017 loque-s

437 1055 520 1111 batur
536 1050 707 1109 uindictam:
731 1054 762 1107 nt
777 1049 885 1106 Christi
900 1048 1019 1120 sanguis
1034 1048 1069 1105 do
1084 1064 1164 1105 eruce
1181 1045 1306 1105 clamans
1326 1062 1424 1119 pacem
1440 1046 1568 1118 loquitur

436 1160 465 1214 ot
488 1153 757 1213 reconciliationem,
791 1152 860 1223 quin
887 1151 963 1209 idem
984 1149 1103 1222 sanguis
1119 1149 1252 1221 quoniam
1267 1166 1284 1206 a
1299 1148 1381 1206 nobie
1397 1147 1517 1218 bibitur,
1542 1147 1568 1205 si

437 1258 518 1315 medo
545 1257 629 1329 digne
656 1254 777 1324 bibitur,
807 1253 913 1312 clamat
939 1253 968 1310 in
995 1252 1126 1311 cordibus
1152 1253 1258 1309 nostris
1285 1251 1373 1309 uerba
1399 1250 1517 1321 pacifica
1537 1252 1568 1309 θῖ

435 1359 533 1418 solatii
559 1357 652 1432 plene.
681 1360 710 1416 θῖ
731 1355 793 1414 illic
808 1354 913 1429 triplex
929 1357 975 1413 est
989 1353 1195 1426 testimoninm,
1220 1352 1288 1411 licet
1303 1351 1429 1425 spiritali
1444 1352 1567 1427 quodarn

436 1463 527 1519 nrodo.
549 1462 654 1518 clamat
680 1459 799 1531 spiritus
826 1458 875 1530 qui
902 1458 983 1516 nobis
1007 1457 1177 1515 arrhabonis
1201 1457 1261 1513 loce
1278 1457 1363 1513 datus
1379 1460 1439 1513 est:
1464 1455 1603 1514 Abbaro

436 1566 555 1636 pater,
589 1560 813 1619 testificans
847 1560 942 1632 quod
976 1575 1098 1616 sumus
1132 1558 1210 1614 filii
1244 1556 1317 1614 Dei.
1356 1558 1462 1615 clamat
1492 1574 1567 1629 aquia

436 1682 486 1738 per
513 1680 597 1736 qnam
623 1662 716 1720 renati
743 1678 851 1731 sumus,
879 1661 953 1733 quod
969 1661 1127 1718 condonata
1141 1663 1209 1718 sunt
1224 1658 1305 1717 nobis
1321 1659 1416 1717 omnia
1432 1666 1566 1730 peecata:

436 1765 506 1824 etsi
525 1765 589 1837 quis
613 1765 706 1822 adhuc
732 1762 858 1832 dubitat,
884 1762 995 1820 accedit
1020 1762 1169 1835 sanguinis
1184 1761 1377 1820 testimonium
1394 1759 1565 1819 clamantis:

436 1867 503 1939 quid
529 1867 622 1924 adhuc
648 1865 786 1934 haesitas,
813 1865 881 1936 quid
908 1864 1001 1922 adhuc
1027 1863 1140 1936 panitas
1167 1867 1318 1935 tyrannum
1334 1867 1477 1921 satanan?
1501 1879 1565 1920 ecce

436 1968 556 2041 pretinm
573 1984 628 2041 quo
643 1968 672 2025 te
690 1964 805 2024 redimit
820 1965 873 2024 Dei
889 1965 975 2024 filins.
999 1965 1100 2023 uisite
1116 1965 1227 2023 saluum
1242 1963 1382 2023 noluisset
1398 1963 1485 2034 Deus,
1506 1980 1564 2023 nen
1575 1981 1600 2017 rs

434 2070 601 2129 tradidisset
618 2067 798 2140 unigenitum
815 2085 898 2126 snum
914 2068 944 2125 in
960 2071 1088 2127 mortem,

407 2173 425 2227 9
478 2173 583 2228 Nemo
617 2169 790 2228 maiorem
825 2170 1025 2228 caritatem
1047 2170 1173 2240 habet,
1207 2185 1306 2242 quam
1343 2173 1381 2227 ut
1413 2170 1565 2228 animam

435 2292 532 2332 suam
557 2276 670 2347 ponat
693 2291 757 2346 pro
779 2273 909 2332 amicis
931 2274 1019 2331 suis.
1055 2275 1079 2332 si
1106 2290 1161 2331 non
1177 2273 1462 2331 estmaiuseximiuo
1479 2275 1564 2332 bene·

436 2375 580 2433 ualentiae
595 2375 793 2434 testimoninm
809 2393 893 2448 quam
910 2376 934 2432 si
950 2376 1016 2447 quis
1043 2376 1131 2433 uitem
1146 2374 1292 2448 impertiat
1318 2375 1417 2443 amico,
1446 2374 1566 2447 grarrius

435 2479 479 2535 est
514 2475 648 2534 deminici
675 2475 826 2546 sanguinis
853 2475 1048 2534 testimonium
1075 2477 1123 2548 qni
1150 2492 1199 2547 pro
1227 2475 1349 2532 inimicis
1375 2475 1483 2533 effusus
1509 2480 1599 2534 osen

436 2579 543 2636 effusus
569 2595 619 2650 pro
635 2577 760 2635 inimicis
775 2577 845 2636 fecit
867 2577 972 2638 amium
987 2597 1020 2637 ac
1035 2579 1109 2637 filios
1125 2578 1193 2636 Dei:
1209 2583 1293 2652 atque
1310 2582 1342 2636 ut
1356 2579 1567 2637 consideremus

437 2682 508 2736 hanc
524 2679 583 2737 fore
598 2681 764 2750 perpetuam
779 2679 946 2749 amicitiam,
964 2679 1080 2752 reliquit
1096 2679 1177 2738 nobis
1193 2680 1331 2738 edendam
1347 2697 1459 2737 carnem
1475 2696 1565 2749 suain,

436 2780 552 2852 reliquit
567 2780 721 2838 bibendum
737 2781 917 2853 sanguinem,
935 2784 966 2838 ut
981 2800 1030 2855 per
1045 2782 1143 2841 eadem
1154 2783 1304 2853 aleremur,
1321 2798 1371 2854 per
1383 2799 1456 2854 quae
1469 2798 1566 2840 sumus

436 2881 563 2938 redemti.
592 2881 741 2954 sanguinis
759 2883 923 2954 aspersione
947 2884 1143 2942 confirmatum
1170 2887 1215 2941 est
1241 2888 1323 2940 uetus
1350 2886 1565 2954 testemonium,

434 2983 669 3055 quemadmodum
700 2982 737 3040 ad
764 2983 912 3042 Hebraeos
940 2984 1069 3043 scribens
1095 2985 1240 3057 praeclare
1269 2986 1351 3043 domt
1381 2985 1565 3043 beatissimus
1575 2995 1600 3034 ²⁵

435 3083 556 3141 Paulus:
588 3083 697 3141 Christi
724 3085 864 3157 sanguine
891 3086 1092 3158 consignatum
1117 3089 1146 3143 et
1174 3087 1385 3145 corroboratum
1401 3091 1446 3144 est
1461 3103 1566 3145 nouum

434 3187 646 3256 testamentum,
662 3187 716 3245 hec
731 3188 777 3247 est
793 3177 998 3246 testamentuni
1024 3192 1054 3247 θῖ
1080 3192 1193 3262 pactum
1218 3190 1328 3262 gratiae
1344 3193 1374 3248 et
1389 3189 1566 3250 remissionis

432 3290 610 3357 pcccatorum
627 3304 678 3358 por
693 3289 863 3361 sanguinem
879 3289 948 3361 agni
963 3290 1149 3362 immaculati,
1166 3292 1257 3363 quiin
1273 3309 1303 3349 se
1320 3293 1446 3363 recipere
1462 3292 1565 3367 digna·

432 3388 478 3442 tus
494 3392 539 3445 est
554 3388 642 3445 totius
660 3389 758 3446 mundi
774 3393 932 3462 peccatum,
953 3392 1027 3462 qnod
1045 3409 1140 3450 omnes
1156 3411 1190 3451 ex
1206 3393 1296 3451 Adam
1319 3396 1494 3453 contrahunt
1514 3396 1564 3470 qui

432 3489 571 3561 prodeunt
586 3489 615 3547 in
632 3491 705 3549 hanc
721 3492 809 3550 uitem
825 3494 855 3550 θῖ
871 3492 951 3552 cuius
968 3495 1098 3567 cocheio
1112 3501 1227 3566 peccant
1250 3496 1419 3570 quicumque
1435 3500 1563 3569 peceant.
1574 3503 1600 3543 ⁸⁰

431 3593 514 3649 tanta
528 3595 626 3649 autem
640 3597 686 3651 est
702 3593 813 3652 Christi
828 3595 1003 3667 sublimitas,
1029 3600 1060 3654 ut
1090 3596 1211 3656 fortasse
1238 3616 1293 3656 non
1314 3602 1444 3671 oporteat
1465 3617 1564 3672 quem·

431 3700 515 3766 quam
529 3696 687 3753 ceterorum
704 3695 852 3755 bominum
878 3714 942 3757 cum
959 3698 1008 3757 illo
1025 3698 1164 3770 conferre,
1193 3699 1248 3758 nisi
1276 3701 1337 3774 ipse
1354 3701 1563 3761 nobistantum

430 3795 562 3855 fiduciam
577 3797 767 3870 praebuisset,
795 3801 845 3873 qui
871 3817 927 3858 nou
951 3801 1121 3874 dedignatus
1143 3803 1183 3860 sit
1209 3803 1364 3877 discipulos
1379 3822 1446 3863 suos
1462 3823 1564 3865 uocare

431 3898 546 3969 amieos,
562 3898 692 3959 seruulos
707 3918 776 3960 suos
793 3918 894 3960 uocare
910 3901 1015 3961 iratres
1031 3907 1061 3960 θῖ
1075 3904 1235 3964 coheredes.
1253 3907 1489 3976 quemadmodum
1504 3906 1563 3980 igi-

432 4002 478 4056 tur
493 3999 542 4058 ille
557 4018 607 4059 suo
632 4002 758 4060 mirabili
786 4004 951 4063 testimonio
966 4005 1136 4064 clarificanit
1150 4010 1259 4079 patrem
1275 4008 1305 4065 in
1328 4009 1500 4068 boemundo
1517 4012 1562 4066 at·
1574 4020 1597 4058 ³⁵

501 4251 533 4303 io
551 4251 625 4304 eom.
643 4252 669 4317 s,
689 4254 727 4305 ro.
837 4255 867 4306 n
887 4255 928 4308 10.
948 4256 1048 4322 15‚13.
