3720 4920
393 335 459 400 230
869 331 1050 399 Appendix.

393 492 622 564 desperationem
637 490 811 561 caderemus,
839 491 864 548 si
889 507 952 548 cum
968 490 1062 548 omnia
1086 491 1206 548 mortem
1228 492 1405 562 praesentem
1429 487 1525 546 inten-

394 597 467 663 tant,
484 594 627 652 horrorem
645 597 765 651 naturae
781 593 961 651 senserimus.
978 592 1034 650 nisi
1049 593 1124 649 enim
1140 592 1256 649 adesset
1270 607 1371 649 sensus
1386 590 1525 660 dolorum,

394 695 467 753 nihil
496 696 616 753 haberet
644 695 812 753 admirabile
835 697 1020 767 martyrium,
1049 695 1099 750 sod
1123 687 1259 765 superare
1282 692 1406 750 dolorem
1423 707 1526 749 corona

394 797 511 871 dignum
534 801 588 855 est.
615 797 731 855 horrere
757 800 876 854 mortem
904 798 1020 853 naturae
1047 798 1107 864 est,
1140 796 1253 853 arincere
1279 797 1411 853 naturam
1437 791 1525 850 auimi

393 900 563 956 fortitudine
591 899 702 971 gratiae
729 902 781 957 ast.
806 897 899 955 omnia
926 900 1021 970 potest
1036 897 1161 966 Paulus,
1192 898 1243 955 sed
1265 897 1295 953 in
1311 912 1343 954 oo
1359 893 1409 967 qni
1432 894 1546 966 ipsumu

394 1001 566 1058 corroborat.
583 999 634 1057 aad
649 999 754 1072 quibus
776 998 927 1071 praesidiis
950 999 1075 1056 uincitur
1089 1003 1208 1055 naturae
1224 996 1397 1054 infirmitas?
1424 994 1450 1053 si
1473 1010 1527 1053 nos

397 1104 474 1159 totos
491 1101 570 1159 humi
586 1104 817 1174 prosternamus,
846 1102 898 1160 hoc
920 1105 966 1158 est
980 1102 1004 1157 si
1021 1100 1093 1158 nihil
1110 1100 1223 1158 omnino
1239 1099 1399 1157 tribuamus
1416 1096 1526 1154 uiribus

396 1203 513 1272 nostris,
540 1204 565 1261 si
589 1202 743 1276 uigilemus
759 1207 788 1261 et
803 1220 915 1262 oremus
930 1203 1082 1275 instanter,
1110 1202 1135 1260 si
1151 1206 1277 1261 nostram
1293 1200 1469 1259 uoluntatem
1484 1197 1526 1256 di-

397 1306 479 1363 uiuaa
496 1304 638 1363 uoluntati
653 1306 854 1364 submittamus
870 1306 1050 1376 dicatumque
1074 1304 1125 1362 illa
1139 1320 1173 1361 ex
1190 1304 1285 1361 animo
1301 1321 1335 1362 er
1350 1305 1410 1361 toto
1426 1302 1525 1360 corde:

395 1409 567 1464 transeat
590 1405 650 1463 lric
671 1406 771 1465 calix
794 1407 825 1464 si
847 1407 934 1464 lieri
958 1409 1097 1478 potest,
1133 1407 1193 1464 sed
1228 1405 1301 1462 liat
1333 1422 1402 1462 non
1431 1402 1561 1462 sicutm-

396 1526 459 1580 ego
484 1509 582 1578 uolo,
607 1510 794 1585 aedsicut
815 1518 855 1566 tu
878 1509 941 1566 uie.

344 1613 385 1669 15
441 1608 516 1667 Noui
533 1626 585 1681 ego
601 1626 634 1668 ac
648 1610 714 1667 flaui
730 1610 866 1682 quosdam
883 1626 986 1682 magua
1006 1610 1092 1667 animi
1108 1609 1277 1668 fortitudine
1300 1608 1455 1682 praeditos,
1478 1606 1528 1679 qui

397 1710 453 1767 iam
469 1728 589 1768 coronae
605 1713 725 1783 proximi
743 1712 907 1769 deiecerunt
922 1715 952 1768 et
967 1728 1049 1783 qrrem
1066 1711 1115 1767 diu
1131 1711 1255 1783 professi
1271 1711 1386 1768 suerunt
1400 1708 1526 1780 abnega·

396 1816 472 1870 runt.
499 1813 568 1885 quid
583 1813 639 1870 fuit
655 1814 684 1870 in
699 1818 806 1871 causa?
833 1813 1010 1871 dimoueraut
1025 1812 1121 1871 oculos
1137 1829 1204 1869 suos
1220 1813 1257 1870 ah
1272 1827 1305 1870 eo
1321 1810 1371 1883 qui
1386 1810 1465 1868 solua
1480 1825 1527 1868 ro-

396 1914 449 1971 bur
479 1915 530 1972 dat
551 1914 688 1971 infirmis:
719 1915 930 1971 intermiserant
952 1914 1106 1971 orationem
1129 1931 1162 1970 ac
1177 1915 1330 1985 coeperant
1352 1911 1387 1970 ad
1404 1912 1561 1968 humanam

395 2015 541 2086 praesidia
567 2016 717 2087 respicere.
749 2016 1012 2087 contemplabantur
1027 2032 1095 2073 surae
1117 2018 1236 2073 naturae
1252 2014 1403 2082 uiriculas,
1434 2013 1528 2072 conai-

396 2117 537 2175 derabaut
552 2118 668 2176 acrrleos
694 2119 818 2190 ungulas
833 2118 986 2175 candentes
1013 2118 1135 2175 luminas
1161 2117 1269 2174 terram
1295 2119 1325 2174 et
1348 2116 1444 2187 ignem
1460 2114 1527 2174 reli·

396 2235 540 2290 quumque
556 2218 719 2277 carificirma
735 2222 904 2290 apparatum
920 2219 1007 2276 etiarn
1022 2223 1138 2289 aspectu
1161 2219 1349 2288 horrendum,
1372 2221 1401 2275 et
1418 2217 1527 2274 crucia-

396 2323 476 2376 tuum
492 2320 672 2379 atrocitatem
688 2338 750 2379 curn
767 2320 828 2377 suis
844 2320 952 2378 uiribus
969 2321 1162 2389 conterebant,
1179 2321 1281 2377 ntideo
1294 2319 1444 2377 uictoriam
1456 2317 1528 2375 ami·

396 2425 496 2479 serunt
511 2439 526 2479 e
543 2422 684 2480 manibus.
702 2423 749 2481 uhi
767 2423 832 2494 quis
848 2422 888 2480 ita
903 2423 1012 2494 cogitat
1026 2411 1091 2480 ‘hoc
1107 2439 1239 2493 possum,
1257 2421 1329 2479 illud
1345 2421 1455 2494 perpeti
1470 2436 1525 2478 non
1536 2437 1562 2476 ro

395 2506 534 2593 possum',
550 2539 704 2594 numquam
720 2522 842 2581 feliciter
857 2527 974 2595 peraget
989 2524 1167 2595 martyrium.
1185 2524 1234 2580 sed
1251 2521 1299 2594 qui
1316 2538 1346 2580 se
1359 2525 1449 2580 totum
1466 2525 1527 2580 tra·

396 2623 439 2681 dit
454 2624 568 2681 diuinae
586 2624 728 2682 uoluntati
744 2641 799 2683 non
815 2624 871 2683 alio
887 2628 1019 2697 spectans
1034 2642 1119 2698 quam
1131 2624 1166 2681 ad
1178 2623 1257 2682 illius
1269 2640 1361 2697 opem,
1378 2623 1402 2682 is
1415 2625 1527 2682 demum

396 2724 494 2780 firmus
511 2732 556 2780 est
572 2729 601 2781 et
617 2725 750 2783 inuictus.
784 2728 836 2782 hoc
853 2730 946 2783 autem
963 2726 1023 2783 lieri
1040 2744 1095 2783 non
1112 2729 1216 2797 potest,
1247 2726 1303 2783 nisi
1319 2727 1397 2783 adsit
1412 2743 1480 2784 uera
1494 2742 1528 2783 ac

396 2825 494 2883 uiuida
511 2824 592 2888 fides.
621 2825 695 2883 nihil
710 2827 868 2895 haesitans,
884 2827 957 2884 nihil
973 2829 1152 2899 disquirens:
1181 2846 1215 2886 ne
1231 2828 1404 2901 cogitaueris
1420 2830 1528 2900 quanta

395 2926 436 2984 sit
451 2926 566 2999 tyranni
583 2929 720 2998 saeuitia,
737 2931 845 3001 quanta
861 2929 984 2986 hominis
1000 2930 1194 2998 imbecillitas,
1222 2933 1272 2988 sed
1290 2932 1399 3001 quanta
1414 2930 1454 2986 sit
1470 2929 1526 2986 llo-
1537 2940 1561 2978 2⁵

395 3028 466 3085 mini
483 3029 585 3099 uirtus,
601 3030 651 3102 qui
666 3032 759 3088 certat
774 3048 807 3088 ac
823 3030 894 3087 uicit
908 3031 937 3087 in
952 3030 1086 3088 membris
1102 3031 1172 3088 suis.

346 3135 385 3194 16
439 3131 517 3204 Ergo
532 3134 565 3188 ut
580 3149 598 3188 a
612 3131 791 3204 digressione
818 3132 994 3191 reflectamus
1021 3135 1056 3190 ad
1086 3133 1114 3190 id
1142 3134 1301 3206 quoderat
1329 3135 1527 3203 constitutum,

396 3233 630 3305 quomadmodum
646 3233 760 3291 Domini
775 3251 852 3292 mors
867 3236 1008 3306 potentior
1023 3237 1083 3292 erut
1099 3253 1183 3307 quam
1200 3235 1271 3305 uita,
1288 3235 1330 3293 ita
1346 3234 1437 3293 uoluit
1451 3251 1527 3292 mar·

396 3337 491 3407 tyrum
507 3351 623 3392 suorum
638 3338 757 3393 mortem
774 3352 835 3394 esse
850 3338 1001 3408 potentem.
1025 3337 1094 3408 quid
1110 3336 1185 3394 enim
1202 3337 1343 3394 infirmius
1363 3355 1446 3409 quam
1463 3336 1526 3393 uin-

395 3435 450 3494 ciri
465 3437 595 3495 damnari
621 3437 701 3496 caedi
717 3438 836 3496 cruciari
851 3438 939 3496 occidi
956 3442 985 3495 et
1000 3440 1035 3495 ad
1052 3439 1193 3497 cummis
1215 3439 1365 3496 arbitrium
1391 3437 1563 3510 praeberem

395 3541 520 3611 eorpus?
536 3539 605 3598 haec
620 3537 730 3611 species
746 3540 888 3598 interdum
905 3540 1126 3600 misericordium
1141 3545 1237 3599 mouet
1252 3542 1338 3598 etiam
1351 3540 1527 3599 saeuissimis

396 3641 535 3712 tyrannis.
565 3658 662 3699 uerum
694 3641 741 3698 ubi
763 3641 821 3700 iam
836 3643 872 3701 ad
887 3646 1069 3701 monumenta
1084 3647 1242 3716 martyrum
1266 3643 1412 3716 polluntur
1427 3643 1528 3711 morbi,

397 3741 514 3813 rugiunt
526 3742 687 3813 daemones,
700 3746 844 3801 terrentur
856 3746 1033 3815 monarchae,
1051 3748 1201 3803 coruscant
1212 3745 1360 3814 miracula,
1378 3744 1529 3804 concidunt

396 3842 488 3900 idola:
520 3847 582 3902 tum
608 3848 727 3918 apparot
754 3865 838 3920 quam
865 3847 904 3906 sit
929 3847 1028 3906 efficax
1052 3865 1086 3906 ac
1108 3851 1210 3920 potens
1226 3853 1384 3923 martyrum
1400 3848 1527 3921 sanguia.

395 3945 619 4016 praesentia
641 3947 810 4020 inlirma,
833 3949 1015 4021 epistolae
1038 3966 1190 4022 graues,
1215 3946 1328 4009 audiuit
1344 3950 1526 4009 beatissimus
1538 3964 1564 4004 aa

470 4205 501 4257 10
520 4205 582 4259 Luc.
601 4207 642 4268 22,
661 4209 703 4260 42.
810 4209 844 4261 m
862 4208 888 4260 ll
909 4209 966 4263 Cor.
987 4210 1028 4271 10,
1048 4211 1088 4262 lo.
