3720 4920
558 357 605 413 lle
627 355 892 429 1001000100000
914 357 1037 415 c.1-2.
1323 362 1360 429 71

225 517 337 577 seruari
362 516 517 576 manifeste
531 534 566 577 00
591 517 707 576 fortiter
734 517 913 589 ostendatur,
937 517 981 576 ita
1000 519 1035 576 ut
1059 517 1115 576 etsi
1135 518 1253 591 0001100
1279 535 1364 592 argu·

225 617 332 679 mentis
356 635 391 678 ex
412 620 534 693 utreque
553 621 637 694 parte
658 618 908 693 congrederemur,
928 621 1025 679 00000
1048 618 1117 694 quia
1136 636 1194 679 non
1208 622 1321 693 poterat
1334 620 1364 679 id

226 721 303 794 quod
328 719 520 779 innouabetnr
545 721 607 780 sine
634 719 812 779 dissensione
839 719 964 779 fratrum
989 723 1020 780 st
1040 721 1145 779 damno
1171 720 1364 780 ecclesiastico

224 821 394 894 consistere,
417 821 517 896 utique
543 839 601 882 non
629 822 731 881 debeat
758 825 858 880 contra
871 821 917 880 fas
933 823 1008 896 quod
1035 821 1118 881 01000
1132 824 1163 881 00
1177 821 1259 882 nefas
1274 822 1305 881 id
1319 824 1365 882 est

117 968 119 972 -
201 926 326 986 0000000
340 923 446 982 10000
462 926 492 982 00
506 940 629 997 aequum
645 923 782 983 000100100
797 921 885 981 00001
905 922 989 997 qnasi
1011 923 1125 982 macula
1139 926 1246 982 000000
1261 922 1363 996 infligi,

223 1023 323 1099 eisque
338 1023 388 1098 qui
402 1025 458 1084 hoc
472 1023 657 1084 adtentarent
671 1023 807 1083 audaciae
828 1023 915 1082 huius
930 1025 1017 1096 atque
1033 1022 1193 1096 impietatis
1206 1024 1366 1098 ignominia

223 1125 326 1186 merito
347 1125 465 1186 deberet
485 1125 620 1184 adscribi.
647 1125 697 1184 sed
719 1123 853 1198 quoniam
875 1140 932 1183 non
953 1127 999 1184 000
1013 1124 1043 1182 10
1058 1126 1159 1184 nostra
1172 1127 1315 1199 potestate
1330 1128 1364 1184 00

224 1228 381 1288 meandum
403 1230 586 1301 0000000000
607 1226 731 1300 apostoli
753 1226 783 1284 id
804 1225 899 1299 10000
914 1225 1043 1286 dicamus
1057 1242 1156 1286 omnes
1172 1243 1243 1286 neue
1259 1227 1363 1286 sintin

225 1329 308 1390 nobie
333 1329 501 1402 schismata,
526 1329 669 1389 tamenin
685 1330 823 1403 quantum
845 1344 1000 1403 possumus
1016 1328 1169 1388 conitimur
1182 1329 1269 1388 buius
1284 1332 1362 1391 trac-

189 1451 215 1492 00
226 1432 308 1491 tatus
323 1432 433 1490 statum
448 1432 644 1491 demonstrare
660 1433 690 1490 et
704 1431 883 1490 turbulentis
897 1431 1064 1490 bominibus
1079 1434 1112 1490 00
1127 1431 1174 1492 uel
1189 1448 1265 1491 nunc
1279 1449 1362 1491 sunm

226 1531 374 1607 negotium
400 1548 487 1605 ogere
507 1532 647 1605 incipiant
667 1533 848 1606 persuadere,
876 1533 1075 1593 consecuturis
1096 1533 1251 1608 01001000
1275 1532 1363 1592 etiam

222 1633 317 1707 nobis,
345 1633 446 1692 01100
472 1649 584 1708 quoque
612 1633 732 1693 consilio
758 1651 828 1694 sano
854 1635 973 1693 taudem
998 1634 1144 1694 noluerint
1168 1634 1363 1708 adquiescere.

221 1736 252 1795 00
272 1735 337 1795 ideo
361 1751 556 1808 quaecumque
577 1736 742 1794 sanctarum
763 1735 974 1807 scripturarum
996 1737 1034 1794 ad
1055 1735 1130 1794 hauc
1144 1737 1257 1809 partem
1270 1736 1361 1808 perti·

222 1836 323 1896 nentia
337 1837 407 1895 0000
421 1834 549 1910 00010010
562 1836 725 1895 0000000010
741 1835 771 1894 10
787 1853 875 1895 unum
888 1853 1084 1911 congeremus,
1100 1839 1129 1897 00
1144 1853 1217 1911 quae
1227 1836 1363 1897 uidentur

184 1953 285 2001 reesee
306 1936 423 1997 diuersa
442 1940 494 1996 eut
515 1937 597 1995 uaria
618 1939 757 2010 qnantum
780 1937 889 2011 poterit
910 1938 1361 2013 000110000100000000001001·

220 2038 355 2099 nabimus
382 2041 412 2098 00
436 2038 595 2097 utilitatem
616 2054 650 2097 ac
674 2040 851 2098 commodum
878 2039 1061 2114 singulorum
1087 2057 1139 2114 000
1165 2028 1360 2100 mediocritate

219 2144 321 2201 nostra
336 2139 578 2211 examinabimus,
594 2142 628 2197 ut
643 2140 747 2212 agendi
763 2140 794 2197 in
809 2141 931 2200 ecclesia
946 2141 1068 2200 formam
1083 2145 1113 2200 00
1127 2141 1361 2201 consuetudinem

219 2241 440 2301 saluberrimam
455 2244 541 2314 atque
556 2239 705 2314 pacificam
719 2241 863 2301 uniuersis
885 2241 1025 2302 fratribus
1041 2242 1228 2302 insinuemus.

260 2342 357 2417 Igitur
382 2341 618 2415 adgredientibus
634 2343 790 2401 tractatum
811 2343 948 2403 0010000010
963 2346 994 2403 00
1008 2343 1077 2403 0001
1091 2345 1145 2404 100
1160 2347 1205 2404 est
1220 2341 1390 2419 spiritalis2

182 2445 249 2507 0000
263 2444 424 2517 euangelici
439 2444 623 2517 10001000010
638 2442 668 2501 10
683 2444 787 2517 001010
802 2446 928 2504 occurrit
941 2445 1094 2505 notissima
1108 2445 1238 2506 omuibus
1248 2445 1360 2520 praedi·

217 2544 292 2606 catio
308 2545 454 2606 celebrata
468 2549 553 2619 atque
569 2547 670 2618 000000
685 2545 721 2604 01
731 2545 838 2605 loanne
852 2545 992 2620 10001000,
1008 2546 1060 2621 qui
1074 2547 1253 2620 aliquantum
1268 2549 1361 2608 desci-

217 2663 300 2707 scens
314 2665 332 2706 a
347 2648 411 2721 lege
434 2647 465 2706 id
487 2650 534 2706 est
548 2646 641 2721 Moysi
663 2646 863 2720 antiquissimo
886 2648 1060 2721 1000100000
1076 2651 1106 2709 00
1126 2649 1204 2708 0100
1225 2665 1316 2710 nouae
1331 2652 1361 2709 00

216 2765 301 2811 00000
330 2751 443 2824 gratias
469 2750 672 2823 praesternens
696 2747 742 2824 [et]
766 2749 940 2823 baptismate
966 2752 1044 2825 quod
1069 2751 1184 2810 interim
1210 2752 1362 2811 exercebat

216 2867 308 2925 aquae
324 2853 354 2910 et
368 2851 563 2924 paenitentiae
584 2851 691 2910 sensim
711 2866 796 2910 aures
815 2850 986 2911 Iudaeorum
1006 2852 1212 2926 praeueniebat
1231 2855 1262 2913 00
1276 2870 1359 2913 occu·

179 2952 304 3027 0000100
330 2951 472 3025 spiritalis
497 2951 800 3025 10001000010100001
824 2953 1052 3028 annuntiatione,
1078 2955 1235 3014 adhortans
1260 2957 1361 3014 00000

215 3052 330 3113 dicensi
355 3053 417 3126 qui
442 3055 526 3126 0000
547 3070 597 3113 00
618 3053 724 3112 00010
750 3053 885 3113 fortior
904 3071 955 3114 me
976 3057 1043 3126 est,
1071 3054 1176 3115 cuius
1201 3070 1264 3129 ego
1291 3072 1359 3115 non

213 3169 291 3213 eum
323 3151 457 3228 dign'us
489 3154 688 3229 corrigiam
720 3153 962 3215 calciamenti
991 3156 1148 3217 soluere.
1187 3155 1267 3230 ipse
1295 3174 1359 3216 uos

213 3255 428 3330 baptizabit
453 3255 491 3314 iu
518 3253 660 3329 spiritu
689 3260 820 3317 sancto
846 3260 884 3316 00
915 3257 1002 3333 igni.
1032 3261 1250 3334 propterquod
1276 3259 1358 3320 uobis

215 3373 329 3430 quoque
352 3358 440 3416 huius
461 3357 601 3416 sermonis
622 3373 704 3416 orsus
719 3359 789 3418 hinc
804 3357 930 3433 10010000
946 3361 1074 3421 debebit.
1095 3379 1162 3421 nam
1177 3362 1207 3419 00
1220 3361 1359 3421 Dominus

176 3455 291 3518 001000
320 3459 440 3517 eandem
469 3475 568 3518 nocem
596 3459 714 3520 Ioannis
743 3463 811 3533 0000
846 3478 929 3521 suam
958 3462 1197 3523 resunectionem
1226 3463 1256 3520 iu
1286 3461 1359 3521 actis

280 3775 315 3831 26
332 3775 434 3830 Mattb.
452 3776 479 3841 3,
499 3776 540 3830 11.
558 3776 642 3832 Marc
662 3781 685 3843 1,
705 3778 729 3832 7.
749 3778 812 3834 Luc.
831 3784 857 3845 3,
877 3779 977 3836 1e.10.
997 3782 1022 3847 1,
1039 3782 1083 3836 et.

280 4048 296 4100 7
308 4047 407 4101 (101000
419 4049 480 4120 Rr'q.
554 4051 717 4119 150000010;
730 4051 765 4117 cf.
779 4052 882 4107 Front.
895 4061 926 4123 0.
940 4057 982 4120 48,
994 4058 1031 4108 21
1046 4056 1143 4123 (Nab.)
1214 4056 1246 4110 l'l
1259 4056 1358 4126 agendi

207 4133 318 4200 0000001,
336 4134 443 4187 accendi
462 4135 533 4203 cod„
557 4136 664 4192 tacendi
687 4139 757 4191 cont
781 4138 933 4208 Rigslts'ue,
953 4141 1091 4195 accedenti
1110 4141 1180 4196 cont
1199 4141 1297 4209 00000,
1315 4144 1357 4196 00-

208 4216 285 4272 teudi
298 4219 371 4273 00001.
386 4218 527 4275 Balearicae
596 4221 632 4275 22
651 4238 742 4292 moyse
755 4223 813 4279 cod.
829 4229 855 4277 et
867 4242 892 4292 a,
912 4225 1015 4296 moysis
1028 4226 1110 4294 Bas,
1129 4226 1164 4292 es.
1178 4229 1358 4297 0001007916
