3720 4920
903 358 994 414 vita
1329 433 1331 438 Α
1483 379 1519 428 01

375 511 509 577 tametsi
535 514 608 577 ante
628 510 789 579 Christum
815 512 991 595 plurimum
1017 513 1119 594 bonit,
1148 514 1222 598 plus
1247 514 1367 598 aliquid
1392 514 1521 582 licuisse

319 680 323 699 Ι
379 613 452 694 post
466 609 637 692 Christum,
659 614 747 678 ouius
768 615 964 698 temporibus
983 616 1147 698 plenitudo
1163 615 1302 683 debetur.
1324 618 1448 684 neoatos
1463 617 1520 682 ille

380 733 399 779 a
413 715 533 799 regest
548 715 701 798 proiectos
716 717 766 782 sui
781 718 907 782 tantum
923 719 1046 803 generis
1062 718 1240 803 colligebat

423 816 485 881 His
510 819 578 882 tam
600 818 688 884 bonis
710 820 742 885 et
755 820 822 883 tam
846 819 909 901 piis
931 819 1055 886 aotibus
1075 821 1254 904 superuenit
1275 821 1414 887 exilium
1440 822 1571 892 hanoll

359 919 469 985 renim
489 920 591 985 uioem
611 938 732 1003 semper
751 922 967 1003 repraesentat
986 921 1143 1005 impietas,
1167 925 1204 988 ut
1218 924 1401 990 melioribus
1416 924 1523 1006 peiora

381 1021 539 1087 restituat.
561 1022 690 1104 etquid
710 1021 854 1088 sacerdos
875 1022 935 1087 Dei
957 1024 1142 1107 prooonsulo
1161 1025 1372 1110 interrogante
1392 1042 1523 1110 respon·

382 1227 436 1308 qni
457 1226 575 1292 fecerat
595 1228 669 1292 boni
683 1227 804 1309 aliquid
820 1244 876 1310 pro
891 1227 1034 1293 ciuitatis
1049 1229 1162 1306 saluta,
1183 1227 1238 1292 ille
1253 1228 1308 1309 qui
1323 1228 1522 1295 laborauerat

382 1346 422 1394 no
436 1329 616 1395 uiuentium
637 1329 720 1394 oouli
742 1331 927 1412 paterentur
947 1329 1089 1395 infernae
1110 1330 1193 1395 sedis
1207 1330 1375 1409 horrorem,
1402 1330 1459 1396 illo
1473 1332 1524 1397 iu-

347 1447 376 1489 ιο
385 1449 480 1514 quam
503 1432 558 1514 qui
579 1431 717 1497 excubiis
737 1431 867 1514 pietatis
883 1432 1055 1516 inuigilans
1070 1449 1125 1515 pro
1140 1431 1228 1498 nefas
1242 1431 1368 1517 ingrata
1382 1433 1524 1499 bonitate

384 1535 575 1618 prouiderat,
598 1553 637 1600 ne
658 1534 804 1600 omnibns
827 1534 946 1600 tetram
971 1534 1114 1600 ciuitatis
1138 1533 1252 1600 faeiem
1273 1535 1524 1617 relinquentibus

383 1637 503 1701 multos
530 1637 650 1701 exsules
664 1637 798 1716 fdeserta
818 1637 997 1718 respublica
1020 1655 1056 1702 ao
1079 1636 1235 1702 destituta
1256 1638 1360 1718 patria
1382 1637 1524 1702 sentiret.

384 1739 440 1803 sed
462 1737 579 1802 uiderit
600 1739 771 1816 saeoulnm,
787 1738 838 1802 oui
854 1737 938 1804 inter
952 1756 1066 1821 poenas
1081 1739 1210 1803 exilium
1226 1740 1435 1820 computatur.
1457 1737 1525 1803 illis

384 1839 489 1921 patria
509 1839 605 1905 nimis
627 1858 700 1905 oara
714 1841 747 1906 et
761 1857 927 1905 oommnne
941 1858 1054 1905 nomen
1069 1840 1117 1905 est
1132 1842 1220 1923 [oum
1234 1840 1447 1922 parentibus]:
1467 1856 1525 1904 nos

348 1960 377 2001 ro
387 1943 420 2006 et
433 1943 578 2024 parentes
592 1942 685 2024 ipsos,
702 1941 730 2006 si
745 1942 853 2006 eontra
864 1941 1036 2006 Dominum
1052 1942 1216 2021 suaserint,
1232 1943 1442 2007 abhorremus.
1458 1940 1525 2005 illis

386 2044 474 2108 extra
494 2042 656 2107 ciuitatem
676 2061 767 2108 suam
789 2042 896 2108 uiuere
918 2043 1025 2127 granis
1045 2061 1144 2125 poena
1159 2045 1221 2108 est:
1246 2041 1423 2110 Christiano
1437 2044 1525 2110 totus

385 2143 438 2210 hio
458 2145 595 2209 mundus
615 2164 678 2209 una
691 2146 802 2210 domus
818 2146 875 2210 est.
898 2144 982 2212 unde
996 2146 1074 2212 lioet
1087 2147 1120 2211 in
1135 2147 1279 2212 abditum
1294 2147 1327 2210 et
1341 2147 1524 2213 abstrusum

385 2246 490 2312 looum
515 2245 613 2311 fuerit
638 2247 806 2331 relegatus,
832 2246 993 2313 admixtus
1009 2247 1068 2312 Dei
1094 2248 1145 2313 sui
1171 2248 1263 2314 rebus
1289 2248 1437 2314 exsilium
1462 2265 1526 2314 non

386 2349 491 2431 potest
511 2349 699 2430 computare.
724 2347 804 2413 adde
819 2349 902 2430 qnod
917 2349 984 2413 Deo
997 2349 1120 2432 integre
1135 2351 1272 2415 seruiens
1287 2351 1385 2441 etiam
1399 2351 1525 2434 propria

345 2452 417 2517 eoin
439 2451 570 2516 ciuitate
590 2450 772 2535 peregrinus
793 2450 849 2513 est.
878 2452 955 2515 dum
975 2453 1059 2517 enim
1080 2470 1114 2517 se
1128 2471 1147 2517 a
1160 2453 1338 2517 carnalibus
1358 2452 1524 2518 desideriis

386 2553 578 2620 continentia
593 2553 693 2617 sanoti
708 2552 839 2633 spiritus
855 2553 994 2618 abstinet
1009 2555 1274 2619 conuersationem
1289 2555 1403 2636 prioris
1418 2554 1523 2619 homi-

384 2656 433 2720 nis
449 2671 610 2735 exponens,
625 2653 809 2719 intercisos
824 2672 897 2719 suos
913 2655 970 2720 aut
979 2655 1017 2719 ut
1027 2672 1122 2737 prope
1137 2655 1269 2721 dixerim
1283 2657 1365 2722 inter
1379 2657 1525 2738 parentes

382 2756 467 2841 ipsos
493 2758 581 2822 uitae
606 2757 764 2822 terrestris
787 2756 907 2821 ebenus
931 2757 989 2822 est.
1016 2757 1137 2822 aooedit
1159 2758 1240 2839 quod
1265 2758 1326 2823 etsi
1347 2758 1424 2823 haeo
1445 2757 1524 2822 alias

382 2875 482 2943 poena
495 2860 600 2940 posset
616 2858 727 2937 uideri,
752 2857 785 2922 in
799 2856 981 2922 huiusmodi
996 2857 1103 2923 tamen
1118 2859 1222 2924 oausis
1237 2861 1332 2942 atque
1346 2857 1523 2938 sententiis,

435 3080 450 3132 1
463 3077 567 3132 christo
580 3078 606 3131 T
711 3077 812 3147 spese]
825 3092 900 3145 pero
1005 3093 1054 3132 noo
1065 3079 1140 3132 aotos
1152 3097 1173 3147 p
1279 3080 1400 3146 3arage
1411 3081 1440 3132 st
1450 3096 1483 3142 w,
1496 3080 1525 3132 et

382 3176 448 3231 urge
461 3163 492 3225 T,
505 3177 584 3231 agere
597 3164 657 3230 etp
783 3161 872 3215 4tam
884 3161 949 3231 piis]
961 3161 1016 3231 piis
1028 3179 1053 3216 so
1180 3162 1290 3216 exilium
1302 3163 1491 3232 superuenitp

381 3247 452 3317 but]
465 3248 494 3302 in
512 3250 537 3301 T
625 3247 715 3316 priore
728 3248 754 3301 T
845 3248 862 3301 6
874 3248 912 3319 et]
925 3251 954 3302 et
965 3250 998 3303 ut
1009 3266 1054 3318 ωμ
1148 3248 1219 3318 quod
1233 3249 1258 3301 T
1346 3249 1524 3322 responderit]

381 3335 487 3387 taoeam
498 3332 563 3387 odd.
578 3351 624 3401 wp
693 3334 709 3385 ‘1
721 3332 836 3386 referam
848 3349 894 3401 sep
965 3349 980 3388 e
993 3318 1034 3400 (ox
1046 3336 1078 3404 μ)
1090 3334 1204 3389 ciuitate
1215 3351 1279 3404 eope
1353 3334 1371 3387 8
1383 3333 1452 3387 bono
1467 3335 1494 3390 T

382 3416 432 3472 ille
501 3418 635 3473 horrorem
647 3433 697 3473 oon
714 3417 742 3472 T
849 3417 885 3472 10
893 3417 1015 3488 uigilans
1027 3435 1052 3473 so
1155 3419 1258 3489 nephas
1268 3435 1315 3488 sup
1420 3418 1452 3472 11
1465 3432 1525 3488 pro·

382 3503 512 3558 uideatur
631 3505 741 3574 tetram]
755 3506 873 3559 tractam
887 3507 913 3559 T
1031 3505 1156 3560 faoiantt
1279 3505 1312 3559 12
1324 3504 1454 3558 distituta
1468 3505 1494 3559 T

263 3583 267 3590 ’
383 3589 420 3643 13
430 3591 538 3661 poenas]
552 3591 635 3644 etiam
646 3589 711 3644 add.
726 3590 794 3659 ψ’,
806 3592 835 3644 te
846 3589 960 3657 α(1ἀ.μι
1063 3590 1131 3660 illis]
1144 3589 1296 3645 omnibuso
1399 3589 1434 3643 14
1442 3587 1525 3642 nimis

383 3689 453 3729 oorr.
467 3675 500 3728 in
512 3676 600 3730 omnis
612 3695 631 3745 μ
643 3691 676 3728 os
689 3679 709 3729 2
812 3674 981 3744 parentibus]
993 3678 1118 3744 parentes
1129 3676 1225 3746 Theop
1327 3690 1377 3728 nos
1389 3675 1417 3728 et
1429 3688 1526 3743 paren·

383 3761 426 3813 tes
438 3775 489 3815 om.
502 3778 527 3814 w
624 3761 659 3815 15
670 3761 764 3814 contra
775 3759 838 3814 deos
850 3759 973 3813 usserint
988 3762 1015 3812 T
1109 3760 1167 3815 illis
1178 3776 1228 3815 oon
1241 3776 1266 3813 w
1371 3758 1404 3812 17
1417 3762 1526 3812 estana

381 3843 479 3900 domus
490 3862 535 3916 top
674 3844 808 3914 abditum]
822 3845 956 3900 ambitum
971 3845 998 3900 T
1128 3846 1293 3914 abstrusum]
1307 3842 1453 3898 absurdum
1464 3859 1491 3898 w

384 3930 418 3985 18
429 3931 560 4001 religatus
574 3933 600 3987 T
734 3931 864 3986 admixtis
877 3949 902 3985 eo
1041 3932 1166 3986 exsilium
1179 3947 1227 3986 oon
1242 3947 1267 3984 so
1406 3930 1441 3985 19
1454 3945 1525 3985 oom-

382 4017 511 4085 putsrieo
597 4017 700 4086 quido
780 4016 830 4072 deo
842 4022 918 4072 emt
999 4017 1029 4071 in
1040 4018 1187 4087 propriata
1271 4015 1391 4069 Tbenim
1402 4031 1452 4069 oon
1466 4031 1491 4069 aa

383 4117 493 4157 sorno
561 4103 744 4157 substinens
756 4103 789 4168 T,
801 4100 963 4157 abstinentt
1032 4102 1068 4157 22
1079 4103 1161 4156 etiam
1173 4102 1273 4155 intere
1342 4102 1392 4153 ant
1402 4102 1435 4153 ut
1447 4099 1527 4169 Taepa,

383 4188 461 4243 auto
560 4187 665 4256 proprie
676 4205 722 4259 eop
825 4187 861 4241 23
873 4189 1015 4241 terrestres
1030 4186 1057 4241 T
1152 4184 1267 4255 alienus]
1279 4183 1345 4239 odd.
1359 4183 1473 4254 simplex
1484 4185 1528 4254 μ’,

380 4290 446 4346 obp.
461 4273 494 4343 μ’
558 4273 619 4343 etsi]
632 4276 657 4328 si
669 4275 695 4328 T
755 4272 833 4341 alias]
846 4272 998 4327 taliaoorr.
1010 4273 1261 4342 iaetaliapm
1325 4269 1530 4339 24poesentp¹
