3720 4920
562 423 607 478 De
625 420 802 476 montibus
820 419 904 476 Sina
920 423 954 475 et
971 420 1053 476 Sion
1076 435 1099 475 o.
1117 420 1213 478 9-10.
1398 423 1461 493 115

318 582 453 642 manibus
479 582 541 641 suis
566 598 631 641 eum
656 579 687 639 in
701 581 812 642 harena
836 580 982 641 obruerit:
1009 579 1144 641 cbristus
1165 583 1262 640 autem
1283 581 1314 640 in
1335 584 1463 643 montem

320 688 451 744 sanctum
466 682 597 745 aseendit
607 683 721 758 lignum
734 683 817 758 regni
832 682 888 757 sui,
903 685 937 742 nt
948 685 1107 743 moreretur
1117 700 1136 742 a
1146 681 1272 757 Indaeis,
1288 700 1374 757 qnam
1385 685 1462 758 quod

321 785 382 860 spic
404 785 530 859 anquam
552 784 699 844 nonnum
721 784 926 857 nomisma,
949 785 1009 844 nni
1029 784 1123 844 eorm
1145 767 1292 846 namium
1313 785 1462 846 inimicum

322 885 421 962 generi
445 887 581 947 hnmano.
604 885 706 946 exinde
732 887 891 953 ascendm
910 885 942 944 in
968 880 1095 947 montem
1119 885 1256 948 innocens
1281 891 1312 947 et
1337 888 1461 948 mundns

301 987 418 1058 ceorde,
445 988 475 1046 et
495 987 558 1047 ideo
581 988 723 1063 propheta
738 986 824 1046 dicit:
848 986 934 1061 quis
956 989 1136 1048 ascendet
1156 988 1194 1048 in
1216 991 1373 1050 montem
1395 989 1461 1050 Do·

320 1087 409 1147 mini
431 1091 466 1149 et
488 1089 574 1164 quie
595 1087 718 1149 stabit
739 1088 776 1147 in
797 1089 877 1150 loco
900 1090 1031 1149 sancto
1053 1090 1157 1149 eins?
1180 1089 1362 1152 innocens
1391 1108 1460 1151 ma·

321 1189 431 1250 nibus
452 1193 483 1252 et
508 1194 614 1264 cetera,
641 1195 671 1250 et
685 1191 847 1252 declaranit
874 1195 1010 1252 montem·
1025 1192 1092 1252 Sion
1112 1195 1245 1253 sanctum
1267 1209 1332 1254 esse
1347 1210 1461 1255 crucem

320 1295 451 1352 sanctem
476 1292 589 1354 dicente
614 1309 705 1367 aeque
721 1295 890 1374 propbeta:
924 1296 966 1354 de
987 1293 1073 1355 Sion
1095 1293 1195 1355 exiet
1216 1295 1294 1369 lox,
1323 1297 1360 1356 et
1380 1312 1460 1356 uer·

319 1394 401 1455 bum
437 1393 582 1455 Domini
614 1394 658 1455 ab
695 1395 942 1456 Hierusalem.
980 1396 1027 1457 lex
1062 1396 1286 1458 christianornm
1315 1415 1386 1459 crux
1415 1399 1462 1459 ost

285 1516 312 1557 11
321 1500 423 1556 sancta
449 1496 560 1557 Christi
585 1498 639 1558 lilii
666 1498 720 1557 Dei
746 1498 808 1558 uiui
834 1499 947 1559 dicente
972 1515 1063 1573 aeque
1077 1500 1235 1573 prophete:
1258 1500 1317 1558 lex
1338 1501 1402 1559 tua
1423 1499 1461 1558 in

318 1598 435 1657 medio
457 1599 604 1658 uentris
625 1599 705 1658 mei.
728 1615 883 1674 percussus
910 1600 940 1658 in
955 1599 1056 1659 latoris
1077 1602 1195 1660 nenne:
1223 1600 1369 1660 delatore
1390 1617 1460 1659 san-

318 1698 383 1773 guis
398 1702 428 1759 et
443 1716 519 1774 aqua
539 1700 647 1760 mixtus
662 1701 796 1775 profusus
822 1701 960 1776 alluebat,
982 1703 1057 1761 unde
1079 1701 1136 1761 sibi
1158 1702 1311 1763 ecclesiam
1330 1704 1460 1763 sanctam

320 1799 484 1874 fabricauit,
506 1802 644 1877 inquam
666 1802 761 1877 legem
783 1802 930 1878 passionis
951 1820 1021 1864 snae
1041 1803 1226 1864 consecrabat
1246 1803 1357 1864 cliconte
1380 1805 1459 1879 ipso:

319 1901 381 1976 qni
402 1902 500 1976 sitit,
522 1905 653 1964 ueniat
676 1909 712 1964 et
732 1905 850 1966 bibat.
873 1906 935 1980 qui
950 1905 1073 1965 credit
1093 1905 1131 1964 in
1154 1921 1215 1978 me,
1239 1904 1398 1966 flumina
1420 1906 1460 1967 de

284 2008 449 2066 acuentre
481 2004 561 2065 eins
594 2005 773 2066 fluebant
805 2024 921 2082 aquae
954 2007 1073 2066 uiuae.
1105 2006 1177 2067 item
1197 2007 1228 2066 in
1258 2006 1393 2082 psalmis:
1424 2011 1461 2069 ot

318 2106 395 2165 erit
416 2106 521 2166 uelut
542 2107 684 2181 lignum
713 2110 807 2183 qnod
830 2109 1043 2182 plantatam
1065 2112 1123 2168 eet
1150 2125 1258 2168 secns
1280 2109 1459 2170 decursus

318 2225 509 2288 aquarum,
544 2212 639 2284 qnod
672 2210 836 2270 fructum
870 2228 972 2270 sunm
1004 2210 1109 2271 dabit
1136 2209 1360 2284 intempore
1383 2228 1458 2272 suo.

319 2325 385 2370 ecce
399 2312 519 2371 uerbum
533 2312 733 2404 propheticum
749 2313 876 2372 fructum
892 2311 1111 2373 resurrectionis
1126 2311 1173 2371 die
1187 2311 1273 2372 tertio
1286 2312 1459 2387 spiritaliter

319 2411 544 2487 intellegendum
573 2414 714 2474 dicentisz
745 2415 788 2474 (le
810 2415 898 2474 Sion
920 2413 1015 2475 enim
1037 2414 1137 2474 exiet
1157 2414 1234 2487 lex,
1265 2414 1320 2475 boc
1349 2419 1395 2474 eet
1423 2417 1458 2476 de

281 2512 396 2588 eoligim
425 2515 534 2588 regali,
568 2519 604 2575 et
636 2516 789 2575 uerbum
810 2515 956 2576 Domini
977 2517 1020 2575 cb
1043 2515 1288 2591 Hierusalem,
1310 2533 1384 2591 quae
1414 2519 1459 2576 est

317 2614 446 2676 ecclesia.

360 2716 432 2777 Cere
447 2719 527 2792 ligno
542 2719 652 2778 confixa
666 2719 764 2779 emisit
778 2721 899 2779 uerbum
914 2717 1087 2779 dominicum
1108 2719 1221 2779 dicens:
1245 2719 1340 2793 Heli,
1363 2719 1454 2777 heli.
1468 2725 1510 2785 10

318 2823 348 2878 et
377 2820 555 2893 adinpletum
585 2824 630 2880 eet
659 2821 859 2895 propheticum
889 2820 1021 2893 spiritale
1050 2822 1118 2881 ente
1148 2820 1273 2880 dietum:
1302 2821 1344 2880 de
1373 2820 1458 2879 Sion

387 3018 405 3072 8
424 3017 468 3071 Es.
486 3019 513 3082 2,
530 3018 555 3070 3.
574 3018 667 3084 (ilion.
685 3019 711 3081 4,
729 3017 766 3083 2.)
892 3018 926 3071 14
944 3019 981 3072 10.
999 3018 1024 3083 l,
1043 3017 1085 3072 31.
1104 3017 1147 3071 38.
1272 3018 1306 3071 15
1323 3017 1368 3073 Ρ1.
1388 3019 1413 3079 1,
1431 3019 1456 3071 3.

316 3103 353 3157 22
368 3103 470 3157 naoth.
488 3104 532 3167 27,
548 3103 592 3158 46.

386 3273 404 3326 2
420 3287 503 3342 qnam
520 3273 591 3341 qnod
609 3274 647 3327 M
649 3273 681 3338 Τ,
698 3273 790 3342 potius
809 3287 892 3342 qnam
910 3270 981 3341 qnod
999 3291 1028 3340 μ,
1045 3286 1243 3340 quamquamo
1335 3271 1352 3325 3
1370 3271 1457 3326 borni·

317 3372 378 3410 nem
396 3377 416 3426 μ
556 3358 738 3413 mortiferaret
755 3359 793 3412 M
794 3360 846 3427 Τμ,
866 3372 919 3412 111
938 3356 1178 3412 mortificaperito
1316 3357 1334 3410 4
1351 3357 1458 3426 generis

317 3440 429 3494 hnmani
448 3441 499 3496 Mo
631 3443 660 3497 in
679 3445 800 3497 montem
818 3442 975 3497 ascondita
1108 3441 1208 3496 mundo
1225 3442 1264 3495 M
1391 3442 1410 3496 5
1429 3444 1459 3496 et

316 3526 395 3581 conlo
413 3527 440 3581 T
575 3528 698 3599 ascendit
714 3528 752 3583 M
753 3530 779 3583 T
911 3528 929 3583 6
946 3527 1071 3582 manibus
1089 3529 1118 3581 et
1135 3526 1234 3582 mundo
1253 3525 1330 3582 cordo
1349 3528 1423 3596 Μμυ

317 3613 333 3665 'l
351 3615 379 3665 et
396 3615 485 3667 cetera
501 3630 552 3669 ona
564 3631 582 3668 o
652 3630 755 3669 crucem
773 3631 877 3670 sacram
891 3635 919 3683 μ,
938 3617 1062 3668 11111111
1079 3629 1214 3670 crncomo
1282 3612 1300 3666 8
1318 3612 1386 3667 exiit
1399 3612 1425 3665 Τ

316 3698 333 3751 9
351 3696 396 3768 ab]
413 3697 447 3750 de
467 3700 494 3775 Τ
606 3698 641 3752 10
658 3700 760 3754 christo
779 3700 838 3753 tilio
855 3717 873 3754 o
995 3699 1142 3768 prophetae
1159 3696 1186 3752 Τ
1299 3699 1332 3753 11
1350 3713 1457 3767 percus·

316 3797 376 3834 snm
394 3783 432 3836 M
532 3783 616 3838 latere
627 3783 693 3848 MT,
711 3784 805 3838 laneca
822 3799 860 3853 μυ
957 3784 1097 3853 sanguinis
1111 3782 1141 3834 Μ
1240 3783 1422 3853 12111111

316 3882 413 3935 aquam
434 3869 496 3922 MT
626 3869 757 3938 profluens
774 3872 808 3939 μ’
937 3869 1067 3924 nlt'lnebat
1085 3889 1114 3937 μ,
1131 3869 1267 3925 fluebatn
1381 3885 1457 3924 sanc-

315 3955 374 4006 tam
391 3969 442 4008 oon.
460 3974 480 4022 μ
631 3957 665 4009 13
683 3971 737 4023 qna
755 3972 772 4009 o
929 3958 1100 4009 consecratus
1120 3954 1186 4024 Tp¹,
1203 3954 1370 4009 consecrauit
1388 3961 1422 4024 μ’

318 4039 354 4094 14
370 4038 443 4093 bibit
461 4040 496 4093 T·
601 4041 723 4112 flumina]
742 4040 814 4094 sient
832 4040 966 4108 scriptum
983 4042 1026 4093 eat
1043 4039 1157 4093 flamina
1174 4040 1227 4096 Mo
1340 4039 1374 4094 lb
1391 4039 1456 4094 flue·

316 4122 386 4177 bunt
405 4124 471 4192 TW,
490 4125 575 4180 ilnent
591 4126 677 4194 Mp²v
792 4140 879 4193 aqnac
892 4164 899 4178 .
913 4163 920 4177 .
934 4164 940 4177 .
954 4125 1066 4193 psalmis
1083 4140 1135 4179 orn.
1155 4125 1212 4193 Tp¹
1328 4125 1362 4179 16
1379 4141 1456 4179 socna

317 4208 451 4279 decursus]
470 4211 546 4264 iuxta
563 4214 666 4265 tractus
684 4231 704 4280 μ
841 4210 874 4262 17
893 4209 1013 4263 fructum
1030 4226 1080 4264 ona
1100 4208 1127 4264 Τ
1252 4211 1286 4265 18
1303 4210 1387 4265 tertia
1404 4227 1420 4264 e

317 4294 351 4348 19
368 4294 441 4350 enim
458 4311 507 4350 orn.
525 4297 578 4353 Mo
681 4297 748 4351 exiit
766 4295 792 4351 T
897 4293 932 4349 23
950 4294 1103 4364 spiritalem
1120 4295 1196 4352 ΜΨ

1196 4383 1248 4446 8*
