3720 4920
675 369 720 422 De
737 367 871 436 duplici
890 368 1056 435 martyrio
1076 383 1098 420 c.
1117 368 1231 421 24-25.
1456 371 1519 434 237

379 530 450 591 dicit
474 517 599 604 ‘abnega
620 528 769 588 Christum
789 530 819 588 et
836 527 952 588 immola
974 526 1047 598 Ioui,
1078 532 1107 586 et
1123 530 1186 586 esto
1201 526 1309 586 amicus
1324 527 1436 598 noster,
1469 531 1521 585 aut

378 618 511 705 morere',
527 648 614 706 saepe
626 632 728 706 lingua
739 635 827 706 negat
838 634 921 692 corde
930 633 1104 711 reclamante
1120 634 1150 690 et
1164 648 1266 689 munus
1279 631 1376 690 adolet
1385 635 1444 704 tus,
1456 650 1520 691 cum

380 736 492 795 animus
507 736 588 794 intus
603 735 704 793 adoret
719 735 871 793 Christum.
904 751 1076 808 quamquam
1103 735 1156 792 hoc
1182 751 1295 808 quoque
1318 734 1520 809 grauissimum

383 840 429 897 est
443 838 560 909 crimen,
575 840 671 896 temen
687 837 814 910 aliquam
830 836 989 909 impietatis
1004 836 1120 909 culpam
1135 835 1232 894 eleuat
1245 838 1386 895 humanae
1401 839 1521 896 naturae

359 940 576 1000 simbecillitas.
608 940 648 999 ibi
666 943 783 998 satanas
797 938 851 997 tibi
867 939 993 1013 loquitur
1011 955 1081 998 uoce
1096 940 1227 1013 tyranni:
1249 938 1364 1012 etquid
1380 938 1433 997 tibi
1448 936 1521 996 dicit

379 1043 455 1102 idem
481 1060 532 1115 per
557 1044 637 1102 tuam
663 1043 945 1114 concupiscentiam?
965 1030 1091 1114 ‘abnega
1112 1041 1268 1112 Christum,
1299 1046 1330 1101 et
1344 1045 1406 1100 esto
1420 1041 1517 1099 diues:

380 1143 508 1203 sacrifica
522 1145 701 1203 Mammonae
717 1144 746 1202 et
762 1143 875 1202 Christo
892 1144 1025 1201 niuntium
1038 1134 1171 1202 remitte?
1196 1143 1263 1215 quid
1279 1143 1413 1216 estquod
1430 1140 1517 1215 polli-

258 1317 262 1328 .
380 1248 482 1305 cetur?
498 1263 598 1304 summ
614 1248 644 1304 et
659 1248 822 1319 argentum,
840 1245 971 1305 inutilem
987 1245 1138 1305 matcriam
1152 1245 1209 1304 nisi
1225 1261 1368 1304 exerceas.
1387 1260 1438 1303 nco
1449 1241 1519 1300 dicit

376 1336 499 1408 ‘morere
529 1350 580 1408 sed
607 1347 720 1408 oblecta
745 1337 860 1418 oculos’,
885 1348 969 1407 immo
996 1349 1092 1421 potius
1118 1349 1173 1408 hoc
1194 1347 1265 1407 dicit
1286 1335 1407 1406 ‘lucrare
1429 1360 1517 1419 pecu-

350 1468 376 1508 ιο
385 1451 463 1510 niam
478 1452 514 1509 ad
528 1451 616 1509 breue
631 1454 745 1524 tempus
760 1450 912 1509 habiturus
929 1453 959 1508 et
975 1449 1062 1523 perde
1074 1451 1105 1508 in
1118 1452 1267 1508 aeternum
1284 1449 1407 1507 enimam
1421 1436 1519 1506 tuam’.

382 1556 412 1612 et
424 1556 523 1611 tamen
538 1553 587 1611 hic
602 1556 704 1625 sponte
720 1552 869 1610 submittis
886 1569 980 1625 genua
994 1554 1114 1612 satanae
1141 1555 1172 1612 et
1198 1552 1341 1625 abnegato
1356 1551 1470 1610 Christo
1492 1552 1521 1609 te

380 1656 472 1713 totum
495 1653 539 1711 illi
563 1654 719 1726 mancipas.
757 1654 825 1725 quid
848 1655 941 1711 sutem
965 1653 1119 1711 christus?
1133 1642 1225 1711 ‘meus
1255 1655 1317 1710 esto
1345 1655 1375 1710 et
1401 1651 1465 1709 uiue
1492 1650 1522 1708 in

381 1760 546 1816 aeternum:
577 1758 726 1816 contemne
756 1757 874 1814 diuitias
903 1756 975 1814 istas
1005 1756 1209 1829 temporarias,
1242 1760 1271 1814 et
1298 1771 1351 1829 ego
1378 1755 1431 1812 tibi
1454 1771 1521 1812 cen·

382 1856 495 1929 tuplum
525 1874 662 1929 reponam
692 1858 720 1913 in
751 1858 805 1915 hoc
839 1857 953 1916 saeculo
983 1859 1014 1916 et
1046 1858 1136 1916 uitam
1177 1860 1323 1915 aeternam
1353 1856 1383 1913 in
1413 1857 1520 1914 futuro.

348 1974 373 2014 rc
383 1957 513 2031 relinque
543 1962 649 2016 terram
679 1961 710 2015 et
737 1958 834 2030 accipe
861 1947 989 2017 coelum'.
1028 1975 1061 2016 ac
1089 1957 1167 2017 Deus
1194 1959 1250 2016 ista
1279 1957 1416 2030 pollicens
1438 1957 1521 2015 dese·

382 2061 466 2131 ritur,
497 2063 526 2118 et
553 2060 685 2118 diabolus
711 2063 770 2119 tum
797 2060 882 2118 nihili
917 2075 1091 2133 roseasque
1116 2059 1188 2118 falso
1219 2060 1389 2132 promittens
1418 2058 1521 2116 adora·

381 2166 438 2221 tur.
477 2180 493 2220 o
523 2162 636 2221 foedam
670 2161 866 2220 delectionem.
908 2180 924 2221 o
956 2166 1069 2234 turpem
1103 2161 1306 2221 idololatrium.
1348 2179 1365 2220 o
1395 2161 1521 2233 iniquam

383 2252 632 2338 permutationem.
664 2282 720 2336 quo
735 2265 861 2338 praemio
877 2264 1046 2323 sollicitauit
1061 2265 1179 2323 humaui
1203 2266 1317 2336 generis
1340 2265 1445 2338 primos
1470 2279 1521 2319 su·

382 2370 499 2426 oteres?
517 2367 644 2425 ostendit
659 2384 774 2439 pomum
788 2369 818 2424 ct
832 2368 912 2424 dedit
925 2370 1055 2425 mortem.
1071 2368 1220 2427 mendacio
1235 2366 1355 2426 fefellit:
1369 2384 1438 2425 non
1453 2382 1520 2424 mo·

346 2468 551 2538 soriemini,
575 2468 638 2526 sed
661 2467 774 2527 eritis
797 2469 986 2539 sicutDii,
1002 2469 1313 2528 scientesbonum
1329 2469 1521 2528 etmalum.

378 2571 465 2641 atque
481 2568 526 2626 illi
542 2568 636 2627 delusi
648 2570 762 2642 qualem
775 2570 925 2627 Dominum
938 2570 1127 2629 deseruerunt
1144 2574 1173 2629 et
1184 2572 1220 2628 ad
1233 2588 1316 2643 quem
1332 2571 1520 2629 deiecerunt?

379 2687 469 2743 aqua
484 2670 624 2729 felicitate
642 2671 809 2730 exciderunt
837 2675 864 2728 ol
891 2671 1010 2744 innuas
1036 2689 1186 2730 comumnes
1210 2676 1301 2730 semet
1316 2673 1519 2731 coniecerunt?

379 2774 430 2832 sed
442 2773 518 2832 idem
530 2772 581 2831 ille
592 2776 774 2833 tenebrarum
786 2774 918 2847 prinecps
934 2776 983 2846 qui
995 2774 1074 2833 Euae
1090 2775 1205 2834 locutus
1220 2778 1265 2832 est
1280 2790 1331 2847 per
1345 2776 1519 2847 serpentem,

260 2879 262 2884 '
379 2875 463 2935 nobis
478 2877 609 2949 loquitur
632 2894 682 2950 per
705 2875 847 2936 satellites
863 2894 928 2937 suos
945 2895 979 2936 ac
995 2876 1162 2949 ministros,
1186 2895 1236 2951 per
1250 2877 1333 2935 lenas
1348 2882 1378 2936 et
1392 2877 1518 2949 lenones,

345 2992 431 3049 super
446 2995 495 3038 eos
510 2979 561 3051 qui
576 2977 727 3050 pelliciunt
741 2979 777 3036 ad
804 2995 929 3039 amorem
955 2981 1090 3051 pecuniae
1106 2981 1142 3038 ad
1158 2980 1342 3039 ambitionem
1364 2981 1400 3038 ad
1418 2981 1519 3054 uolup-

379 3081 478 3150 tatem,
495 3082 652 3138 auocantes
668 3097 685 3137 a
700 3080 865 3139 sinceritate
877 3097 949 3154 quae
967 3084 1012 3139 est
1028 3081 1058 3137 in
1073 3081 1187 3139 Christo
1203 3083 1278 3140 lesu.
1302 3082 1378 3140 idem
1400 3081 1450 3140 ille
1473 3082 1518 3142 lo·

379 3181 477 3252 quitur
503 3182 586 3240 nobis
613 3200 665 3254 per
691 3183 935 3254 concupiscentias
961 3187 1076 3243 nostrus
1099 3200 1172 3256 quae
1198 3185 1304 3242 uiuunt
1327 3184 1357 3241 iu
1383 3184 1520 3242 membris

379 3284 498 3344 nostris.
513 3300 567 3342 nec
583 3285 654 3343 dicit
669 3287 744 3358 quod
759 3286 842 3345 homo
859 3290 1013 3359 tyrannus:
1042 3276 1104 3344 ‘aut
1126 3287 1196 3345 milui
1213 3290 1377 3360 optempera
1393 3289 1443 3344 aut
1457 3304 1519 3345 mo·

379 3375 460 3457 rere',
488 3405 539 3446 noc
555 3390 684 3446 ostentet
706 3405 833 3447 carceres
864 3391 979 3447 catenas
1006 3389 1125 3447 uncirms
1151 3389 1313 3461 sartagines
1328 3391 1380 3446 aut
1394 3389 1521 3448 caminos

344 3497 370 3537 ³0
380 3488 519 3558 incensos,
536 3506 593 3547 non
606 3505 703 3547 cruces
716 3488 835 3562 mqueos
847 3493 897 3548 rint
908 3491 1032 3563 gladios,
1045 3491 1095 3548 sed
1107 3493 1237 3548 tantum:
1251 3478 1412 3547 ‘contemne
1420 3490 1520 3564 Deum,

379 3589 514 3647 renuntia
528 3590 607 3648 uitae
623 3590 756 3649 caelestis
774 3591 938 3661 hereditati,
964 3595 994 3649 et
1010 3592 1155 3650 committo
1171 3592 1355 3662 adulterium,
1379 3595 1408 3651 et
1422 3593 1520 3665 capies

380 3676 579 3764 uoluptatem'.
608 3694 659 3751 sed
685 3694 822 3765 qualem?
853 3697 1077 3753 momentaneam
1101 3698 1130 3752 et
1152 3694 1279 3767 corporis
1295 3697 1422 3753 tantum:
1449 3697 1519 3768 quot

379 3797 475 3852 autem
491 3794 731 3852 amaritudinibus
748 3796 917 3854 conditum?
948 3796 1068 3854 infamia
1082 3797 1219 3869 periculo,
1236 3795 1432 3868 superomnia
1449 3813 1516 3855 uero

380 3898 490 3955 secreto
506 3896 699 3955 conscientias
714 3899 853 3957 cmciatu.
884 3900 954 3957 haec
969 3903 1015 3957 est
1030 3913 1097 3956 esca
1111 3899 1226 3971 diaboli,
1251 3899 1305 3959 hoc
1319 3902 1517 3959 auctoramen-

346 4000 451 4054 astum.
468 3997 644 4070 stipendium
662 4017 746 4071 porro
762 4002 845 4073 quiale
862 4003 927 4060 est?
952 4001 1029 4060 diest
1051 4002 1155 4060 maiore
1180 4019 1242 4060 cum
1260 4002 1314 4061 fide
1329 4004 1433 4063 beatis
1448 4018 1518 4074 apo·

452 4252 483 4302 lli
502 4251 567 4304 Gen.
588 4251 612 4312 3,
632 4254 657 4306 4.
677 4255 701 4304 τ’).
