3720 4920
495 407 541 461 De
558 407 816 476 singularitate
834 407 1039 460 clericorum
1056 420 1080 461 c.
1099 405 1212 460 36-38.
1357 413 1422 475 213

283 566 378 626 enim
400 565 495 625 utile
518 567 583 639 est,
604 564 677 625 uisi
699 564 735 624 iu
750 562 1029 625 subuersionem
1052 562 1293 623 audientium.
1316 562 1423 624 solli·

283 669 357 729 cite
372 685 459 728 cura
473 662 508 728 te
528 668 646 741 ipsum
666 667 898 742 probabilem
912 667 1088 726 exhibere
1104 667 1187 738 Deo,
1210 666 1421 740 operarium

282 768 679 843 inreprehensibilem,
694 773 798 829 recte
821 771 1049 828 tractantem
1065 769 1214 828 uerbum
1228 769 1420 828 ueritatis.

284 873 404 933 stulta
426 875 543 931 autem
566 876 602 931 et
624 871 751 930 inania
780 871 931 944 eloquia
961 870 1104 930 deuita:
1139 871 1294 930 multum
1328 871 1421 931 enim

261 974 493 1050 sproiiciuut
515 975 557 1033 ad
579 973 813 1049 impietatem
836 977 875 1033 et
896 989 1015 1033 sermo
1038 989 1161 1032 eorum
1176 971 1274 1031 sicut
1289 989 1422 1033 cancer

285 1078 416 1151 serpit.
428 1079 513 1150 atque
530 1080 562 1136 ut
576 1078 743 1137 ostenderet
757 1076 869 1136 clericis
885 1075 1074 1150 disponendis
1089 1076 1125 1134 ad
1141 1075 1321 1135 ouacuandas
1333 1092 1421 1147 quae·

283 1179 391 1240 sticum
406 1196 478 1252 quae
493 1180 533 1238 sit
548 1179 678 1238 doctrina
692 1179 876 1251 conueniens,
900 1179 989 1237 otiam
1005 1178 1071 1237 Tito
1093 1177 1136 1237 sic
1157 1177 1285 1235 insinuat
1307 1177 1420 1237 dicens:

283 1285 323 1340 tu
351 1285 470 1340 autem
497 1281 646 1354 loquere
681 1298 774 1353 quae
808 1281 1038 1340 conueniunt
1070 1296 1182 1339 sanae
1217 1280 1421 1354 doctrinae,

284 1382 443 1443 maiores
465 1385 553 1441 natu
576 1383 723 1454 sobrios
745 1398 841 1455 esse,
875 1382 1098 1457 prudentes,
1136 1399 1246 1442 sanos
1268 1382 1304 1440 iu
1332 1383 1421 1454 fido,

249 1482 320 1542 suin
342 1485 512 1556 caritate,
535 1484 572 1542 in
594 1484 789 1557 patientia
810 1484 972 1544 sincera.
996 1499 1065 1564 ergo
1088 1484 1250 1543 auditiones
1273 1484 1421 1557 simplices

283 1586 463 1646 oboedientis
489 1591 586 1646 uestra
611 1586 753 1661 suscipiat
778 1590 808 1645 et
834 1585 1022 1659 uersipellem
1046 1586 1304 1645 contradictionum
1330 1585 1421 1645 uitate

283 1688 437 1747 fallaciam.
454 1706 557 1761 purum
571 1689 628 1746 iter
643 1689 750 1748 uestris
776 1689 926 1762 gressibus
953 1689 1089 1747 mundate
1116 1690 1146 1746 et
1172 1705 1261 1761 supra
1276 1688 1375 1760 spinas
1390 1692 1421 1746 et

283 1789 407 1849 tribulos
422 1790 512 1849 nolite
527 1792 649 1862 calcare,
665 1807 701 1849 ue
717 1791 823 1849 bonum
838 1806 936 1850 semen
951 1807 1008 1849 nou
1023 1790 1116 1864 possit
1131 1789 1213 1849 uobis
1228 1793 1346 1863 propter
1360 1789 1421 1864 spi-

284 1910 387 1950 narum
409 1892 528 1950 frutices
549 1893 715 1952 sanctitatis
738 1892 851 1951 fructus
874 1894 985 1952 afferre.
1007 1894 1083 1951 unde
1105 1892 1246 1966 propheta
1261 1892 1423 1951 Hieremias

251 1993 744 2074 rasichortaturetdocetdicens:
774 1994 915 2065 nolite,
939 1993 1049 2067 inquit,
1087 2010 1212 2052 serere
1235 1993 1270 2050 in
1293 1994 1422 2066 spinis.

285 2094 541 2153 circumcidite
564 2111 627 2153 uos
651 2094 721 2153 Deo
743 2097 882 2165 uestro,
907 2095 1163 2154 circumcidite
1185 2096 1422 2167 praeputium

286 2196 412 2255 cordis
433 2196 564 2255 uestri.
596 2196 771 2254 abscidenda
797 2199 865 2254 suut
892 2213 960 2270 ergo
983 2197 1018 2255 de
1034 2213 1103 2269 offro
1120 2199 1216 2255 uestro
1231 2200 1336 2257 cuncta
1351 2213 1423 2268 quaa

287 2314 413 2371 pungere
425 2300 454 2356 et
464 2298 590 2356 lacerare
602 2301 822 2368 consueuerant,
834 2314 870 2355 ne
882 2299 994 2356 animus
1005 2297 1190 2370 agricultoris
1201 2299 1231 2356 in
1242 2298 1424 2371 possessione

287 2415 340 2458 sua
353 2399 488 2473 malignis
503 2399 633 2458 sentibus
648 2399 802 2458 inseratur.
831 2401 861 2458 et
890 2399 1064 2474 amputanda
1090 2402 1158 2459 suut
1185 2399 1268 2459 uobis
1290 2400 1425 2459 uniuersa

251 2515 483 2574 aoqnaecumque
498 2500 614 2572 igniferi
630 2499 740 2559 fomitis
766 2500 1008 2574 sulphurantibus
1034 2501 1157 2560 flammis
1184 2504 1300 2561 scaterm
1322 2502 1424 2560 fornax

286 2600 453 2661 ebullientis
468 2602 563 2659 camis
579 2603 739 2674 exaestuat,
770 2617 806 2658 ne
834 2600 882 2659 uel
909 2602 1005 2661 tenuis
1032 2604 1147 2676 quidem
1164 2603 1294 2662 scintilla
1309 2605 1425 2662 seruata

287 2703 396 2762 maiora
411 2703 514 2762 conflet
528 2704 668 2763 incendia.
685 2705 761 2778 quod
776 2702 911 2763 Salomon
926 2705 1094 2764 manifestat
1109 2705 1227 2765 diceus:
1257 2706 1300 2764 ab
1326 2707 1423 2765 scin·

284 2803 372 2863 tilla
402 2821 470 2863 una
499 2807 660 2876 augetur
689 2805 801 2879 iguis.
833 2806 958 2866 auertite
974 2807 1136 2866 occasiones
1159 2808 1287 2881 inpurus,
1318 2807 1423 2880 quibus

285 2905 422 2965 interiora
436 2890 561 2980 pectoris
576 2909 772 2979 penetrantur,
797 2910 829 2966 ut
845 2907 957 2981 liquida
978 2909 1009 2966 in
1023 2907 1106 2967 uobis
1122 2908 1315 2982 perspicuitas
1329 2908 1421 2967 hono·

249 3029 276 3070 ss
284 3011 374 3066 retur.
403 3008 527 3068 contenti
542 3010 634 3068 estote
655 3008 888 3083 singularitatem
902 3008 1076 3071 laboriosam
1092 3027 1142 3084 pro
1157 3012 1265 3084 pudore
1281 3014 1422 3072 seruando

285 3109 382 3184 potius
398 3110 550 3180 sustinere,
567 3128 654 3183 quam
669 3111 732 3171 sine
747 3110 846 3170 labore
863 3113 899 3170 ad
914 3112 1037 3172 dedecus
1053 3113 1213 3185 peruenire.

328 3211 568 3286 Contemplamini
584 3213 653 3287 quid
668 3212 708 3272 sit
722 3213 828 3287 populo
841 3216 942 3273 sancto
957 3230 1089 3286 praeesse
1106 3218 1136 3274 et
1146 3215 1326 3274 considerate
1339 3214 1423 3289 quale
1433 3210 1473 3269 38

285 3313 326 3372 sit
340 3313 446 3371 diuinis
462 3316 652 3374 sacramentis
674 3315 820 3374 insistere.
852 3315 966 3374 altariis
988 3316 1102 3390 placere
1118 3317 1223 3376 debent
1245 3319 1294 3390 qui
1310 3317 1422 3376 altariis

352 3561 370 3614 8
387 3561 441 3617 Tit,
460 3562 485 3624 2,
504 3564 528 3613 1.
633 3562 667 3614 15
685 3561 758 3615 Hier.
776 3564 802 3627 4,
820 3562 846 3615 3.
864 3564 889 3617 4.
994 3565 1030 3617 22
1047 3563 1098 3619 Sir.
1118 3566 1158 3628 ll,
1177 3564 1218 3618 32.

353 3766 370 3817 3
388 3768 459 3819 recte
477 3781 513 3818 cx
530 3780 557 3818 re
575 3765 599 3820 0
614 3783 648 3819 m.
668 3768 688 3818 2
846 3767 878 3820 11
898 3767 1063 3836 suscipieto
1221 3769 1254 3822 12
1273 3785 1352 3837 super
1369 3785 1386 3823 o

287 3850 321 3904 13
338 3850 471 3904 seminare
489 3851 533 3904 uel
551 3852 652 3906 calcare
670 3869 687 3906 v
815 3855 928 3921 propter
945 3853 968 3909 0
985 3870 1006 3908 s.
1025 3854 1044 3908 l.
1062 3871 1098 3908 m.
1117 3857 1135 3908 2
1262 3855 1389 3924 spinaco

286 3936 320 3990 14
337 3936 464 3991 fructices
483 3937 506 3991 C
671 3938 703 3991 11
722 3937 938 3993 abscindendae
1103 3941 1193 3993 usstro
1215 3940 1244 4004 O,
1262 3943 1389 3994 nostroo

286 4023 320 4076 19
342 4021 421 4076 uobis
443 4023 569 4077 uniuersa
595 4023 631 4089 0,
659 4025 750 4076 omnis
773 4023 852 4077 nobis
876 4041 894 4078 o
1066 4025 1102 4079 20
1123 4025 1390 4094 sulphorautibusO

284 4106 438 4161 alueos.
462 4109 486 4163 0
591 4109 627 4162 23
644 4112 736 4162 auerte
758 4110 791 4163 0¹
896 4109 933 4162 28
950 4109 1057 4163 altariis
1074 4112 1183 4178 scripsi,
1201 4110 1333 4164 altaribus
1351 4112 1422 4165 cone

285 4191 431 4330 ἵππω,
448 4193 541 4247 alteris
560 4194 600 4249 Co
686 4193 822 4249 debebunt
845 4194 879 4249 0¹
971 4195 1066 4250 alteris
1087 4196 1133 4260 Ge,
1152 4196 1185 4251 de
1203 4196 1334 4251 altaribus
1352 4197 1425 4252 cossi.

305 4277 420 4332 'mmm
