<?xml version="1.0" encoding="UTF-8"?>
<!DOCTYPE html PUBLIC "-//W3C//DTD XHTML 1.0 Transitional//EN"
    "http://www.w3.org/TR/xhtml1/DTD/xhtml1-transitional.dtd">
<html xmlns="http://www.w3.org/1999/xhtml" xml:lang="en" lang="en">
 <head>
  <title>
</title>
<meta http-equiv="Content-Type" content="text/html;charset=utf-8" />
  <meta name='ocr-system' content='tesseract 3.04.00' />
  <meta name='ocr-capabilities' content='ocr_page ocr_carea ocr_par ocr_line ocrx_word'/>
</head>
<body>
  <div class='ocr_page' id='page_1' title='image "./sthascicaecilic00cyprgoog_0413.png"; bbox 0 0 3720 4920; ppageno 0'>
   <div class='ocr_carea' id='block_1_1' title="bbox 348 297 1006 368">
    <p class='ocr_par' dir='ltr' id='par_1_1' title="bbox 348 297 1006 368">
     <span class='ocr_line' id='line_1_1' title="bbox 348 297 1006 368; baseline -0.003 -15"><span class='ocrx_word' id='word_1_1' title='bbox 348 304 411 368; x_wconf 80' lang='lat'>282</span> <span class='ocrx_word' id='word_1_2' title='bbox 822 297 1006 367; x_wconf 76' lang='lat' dir='ltr'>Appendir.</span> 
     </span>
    </p>
   </div>
   <div class='ocr_carea' id='block_1_2' title="bbox 347 454 1520 2550">
    <p class='ocr_par' dir='ltr' id='par_1_2' title="bbox 347 454 1520 2550">
     <span class='ocr_line' id='line_1_2' title="bbox 350 454 1480 532; baseline -0.002 -17"><span class='ocrx_word' id='word_1_3' title='bbox 350 457 503 531; x_wconf 78' lang='lat' dir='ltr'>dimisisse,</span> <span class='ocrx_word' id='word_1_4' title='bbox 526 474 598 532; x_wconf 92' lang='lat' dir='ltr'>qnos</span> <span class='ocrx_word' id='word_1_5' title='bbox 613 457 763 518; x_wconf 85' lang='lat' dir='ltr'>iubenmnr</span> <span class='ocrx_word' id='word_1_6' title='bbox 777 474 795 516; x_wconf 88' lang='lat' dir='ltr'>a</span> <span class='ocrx_word' id='word_1_7' title='bbox 809 455 929 516; x_wconf 82' lang='lat' dir='ltr'>bomine</span> <span class='ocrx_word' id='word_1_8' title='bbox 943 471 995 530; x_wconf 91' lang='lat' dir='ltr'>pro</span> <span class='ocrx_word' id='word_1_9' title='bbox 1010 471 1096 515; x_wconf 86' lang='lat' dir='ltr'>eausa</span> <span class='ocrx_word' id='word_1_10' title='bbox 1109 454 1271 516; x_wconf 89' lang='lat' dir='ltr'>deuotionis</span> <span class='ocrx_word' id='word_1_11' title='bbox 1285 455 1391 514; x_wconf 75' lang='lat' dir='ltr'>odime.</span> <span class='ocrx_word' id='word_1_12' title='bbox 1418 470 1480 513; x_wconf 90' lang='lat' dir='ltr'>me·</span> 
     </span>
     <span class='ocr_line' id='line_1_3' title="bbox 347 555 1477 631; baseline -0.003 -14"><span class='ocrx_word' id='word_1_13' title='bbox 347 560 405 618; x_wconf 91' lang='lat' dir='ltr'>lius</span> <span class='ocrx_word' id='word_1_14' title='bbox 420 577 496 619; x_wconf 90' lang='lat' dir='ltr'>nunc</span> <span class='ocrx_word' id='word_1_15' title='bbox 511 559 623 619; x_wconf 84' lang='lat' dir='ltr'>saluam</span> <span class='ocrx_word' id='word_1_16' title='bbox 638 559 762 619; x_wconf 88' lang='lat' dir='ltr'>animam</span> <span class='ocrx_word' id='word_1_17' title='bbox 778 576 860 618; x_wconf 89' lang='lat' dir='ltr'>suam</span> <span class='ocrx_word' id='word_1_18' title='bbox 875 558 1000 618; x_wconf 91' lang='lat' dir='ltr'>moriens</span> <span class='ocrx_word' id='word_1_19' title='bbox 1016 555 1168 631; x_wconf 75' lang='lat' dir='ltr'>dereliquit</span> <span class='ocrx_word' id='word_1_20' title='bbox 1179 556 1210 615; x_wconf 94' lang='lat' dir='ltr'>in</span> <span class='ocrx_word' id='word_1_21' title='bbox 1222 573 1300 631; x_wconf 88' lang='lat' dir='ltr'>paco,</span> <span class='ocrx_word' id='word_1_22' title='bbox 1315 572 1352 614; x_wconf 93' lang='lat' dir='ltr'>ne</span> <span class='ocrx_word' id='word_1_23' title='bbox 1367 556 1397 615; x_wconf 94' lang='lat' dir='ltr'>in</span> <span class='ocrx_word' id='word_1_24' title='bbox 1408 572 1477 630; x_wconf 91' lang='lat' dir='ltr'>per·</span> 
     </span>
     <span class='ocr_line' id='line_1_4' title="bbox 348 658 1479 733; baseline -0.003 -12"><span class='ocrx_word' id='word_1_25' title='bbox 348 663 494 723; x_wconf 89' lang='lat' dir='ltr'>secutione</span> <span class='ocrx_word' id='word_1_26' title='bbox 511 662 657 722; x_wconf 80' lang='lat' dir='ltr'>dimittere</span> <span class='ocrx_word' id='word_1_27' title='bbox 672 679 735 721; x_wconf 90' lang='lat' dir='ltr'>cnm</span> <span class='ocrx_word' id='word_1_28' title='bbox 751 679 803 721; x_wconf 92' lang='lat' dir='ltr'>sno</span> <span class='ocrx_word' id='word_1_29' title='bbox 818 661 938 720; x_wconf 86' lang='lat' dir='ltr'>interitu</span> <span class='ocrx_word' id='word_1_30' title='bbox 953 677 1010 719; x_wconf 92' lang='lat' dir='ltr'>non</span> <span class='ocrx_word' id='word_1_31' title='bbox 1026 661 1146 719; x_wconf 89' lang='lat' dir='ltr'>ualeret.</span> <span class='ocrx_word' id='word_1_32' title='bbox 1169 660 1232 733; x_wconf 87' lang='lat' dir='ltr'>ipse</span> <span class='ocrx_word' id='word_1_33' title='bbox 1248 659 1307 718; x_wconf 86' lang='lat' dir='ltr'>illis</span> <span class='ocrx_word' id='word_1_34' title='bbox 1322 658 1479 718; x_wconf 80' lang='lat' dir='ltr'>auxiliatur</span> 
     </span>
     <span class='ocr_line' id='line_1_5' title="bbox 348 760 1477 838; baseline -0.001 -17"><span class='ocrx_word' id='word_1_35' title='bbox 348 765 377 823; x_wconf 93' lang='lat' dir='ltr'>in</span> <span class='ocrx_word' id='word_1_36' title='bbox 393 765 514 837; x_wconf 91' lang='lat' dir='ltr'>mundo,</span> <span class='ocrx_word' id='word_1_37' title='bbox 541 780 662 838; x_wconf 88' lang='lat' dir='ltr'>quornm</span> <span class='ocrx_word' id='word_1_38' title='bbox 677 766 770 822; x_wconf 87' lang='lat' dir='ltr'>mater</span> <span class='ocrx_word' id='word_1_39' title='bbox 784 762 899 821; x_wconf 89' lang='lat' dir='ltr'>habitat</span> <span class='ocrx_word' id='word_1_40' title='bbox 914 761 944 820; x_wconf 90' lang='lat' dir='ltr'>in</span> <span class='ocrx_word' id='word_1_41' title='bbox 960 762 1054 832; x_wconf 86' lang='lat' dir='ltr'>caelo,</span> <span class='ocrx_word' id='word_1_42' title='bbox 1081 764 1110 820; x_wconf 89' lang='lat' dir='ltr'>et</span> <span class='ocrx_word' id='word_1_43' title='bbox 1145 761 1195 834; x_wconf 92' lang='lat' dir='ltr'>qui</span> <span class='ocrx_word' id='word_1_44' title='bbox 1225 761 1311 820; x_wconf 86' lang='lat' dir='ltr'>matri</span> <span class='ocrx_word' id='word_1_45' title='bbox 1341 760 1477 820; x_wconf 89' lang='lat' dir='ltr'>subuenit</span> 
     </span>
     <span class='ocr_line' id='line_1_6' title="bbox 347 861 1499 939; baseline -0.005 -15"><span class='ocrx_word' id='word_1_46' title='bbox 347 870 377 924; x_wconf 90' lang='lat' dir='ltr'>et</span> <span class='ocrx_word' id='word_1_47' title='bbox 406 865 476 925; x_wconf 88' lang='lat' dir='ltr'>liliis</span> <span class='ocrx_word' id='word_1_48' title='bbox 506 884 559 939; x_wconf 91' lang='lat' dir='ltr'>pro</span> <span class='ocrx_word' id='word_1_49' title='bbox 596 869 674 926; x_wconf 85' lang='lat' dir='ltr'>certo</span> <span class='ocrx_word' id='word_1_50' title='bbox 712 866 863 925; x_wconf 79' lang='lat' dir='ltr'>succurrit.</span> <span class='ocrx_word' id='word_1_51' title='bbox 901 866 1042 937; x_wconf 91' lang='lat' dir='ltr'>postremo</span> <span class='ocrx_word' id='word_1_52' title='bbox 1080 864 1145 921; x_wconf 90' lang='lat' dir='ltr'>uide</span> <span class='ocrx_word' id='word_1_53' title='bbox 1174 864 1200 922; x_wconf 94' lang='lat' dir='ltr'>si</span> <span class='ocrx_word' id='word_1_54' title='bbox 1225 864 1328 923; x_wconf 85' lang='lat' dir='ltr'>debeat</span> <span class='ocrx_word' id='word_1_55' title='bbox 1368 861 1499 935; x_wconf 81' lang='lat' dir='ltr'>aliquids</span> 
     </span>
     <span class='ocr_line' id='line_1_7' title="bbox 347 964 1479 1041; baseline -0.002 -16"><span class='ocrx_word' id='word_1_56' title='bbox 347 968 438 1028; x_wconf 90' lang='lat' dir='ltr'>dolori</span> <span class='ocrx_word' id='word_1_57' title='bbox 468 969 600 1040; x_wconf 92' lang='lat' dir='ltr'>concedi,</span> <span class='ocrx_word' id='word_1_58' title='bbox 637 969 686 1027; x_wconf 90' lang='lat' dir='ltr'>nbi</span> <span class='ocrx_word' id='word_1_59' title='bbox 716 969 779 1027; x_wconf 90' lang='lat' dir='ltr'>sine</span> <span class='ocrx_word' id='word_1_60' title='bbox 809 967 905 1041; x_wconf 89' lang='lat' dir='ltr'>aliquo</span> <span class='ocrx_word' id='word_1_61' title='bbox 931 967 1056 1026; x_wconf 91' lang='lat' dir='ltr'>remedio</span> <span class='ocrx_word' id='word_1_62' title='bbox 1085 968 1181 1040; x_wconf 90' lang='lat' dir='ltr'>potest</span> <span class='ocrx_word' id='word_1_63' title='bbox 1210 967 1322 1024; x_wconf 88' lang='lat' dir='ltr'>animus</span> <span class='ocrx_word' id='word_1_64' title='bbox 1349 964 1479 1039; x_wconf 82' lang='lat' dir='ltr'>fatigari.</span> 
     </span>
     <span class='ocr_line' id='line_1_8' title="bbox 347 1067 1482 1143; baseline 0.001 -17"><span class='ocrx_word' id='word_1_65' title='bbox 347 1069 492 1143; x_wconf 78' lang='lat' dir='ltr'>sapienter</span> <span class='ocrx_word' id='word_1_66' title='bbox 506 1071 592 1129; x_wconf 90' lang='lat' dir='ltr'>debet</span> <span class='ocrx_word' id='word_1_67' title='bbox 607 1070 704 1129; x_wconf 91' lang='lat' dir='ltr'>dolere</span> <span class='ocrx_word' id='word_1_68' title='bbox 716 1069 766 1142; x_wconf 95' lang='lat' dir='ltr'>qni</span> <span class='ocrx_word' id='word_1_69' title='bbox 781 1069 859 1129; x_wconf 91' lang='lat' dir='ltr'>dolet</span> <span class='ocrx_word' id='word_1_70' title='bbox 873 1087 909 1128; x_wconf 93' lang='lat' dir='ltr'>ne</span> <span class='ocrx_word' id='word_1_71' title='bbox 924 1069 1026 1142; x_wconf 90' lang='lat' dir='ltr'>perdat</span> <span class='ocrx_word' id='word_1_72' title='bbox 1037 1068 1099 1127; x_wconf 91' lang='lat' dir='ltr'>sino</span> <span class='ocrx_word' id='word_1_73' title='bbox 1111 1085 1198 1127; x_wconf 88' lang='lat' dir='ltr'>eausa</span> <span class='ocrx_word' id='word_1_74' title='bbox 1211 1067 1287 1142; x_wconf 92' lang='lat' dir='ltr'>qnod</span> <span class='ocrx_word' id='word_1_75' title='bbox 1302 1067 1391 1126; x_wconf 88' lang='lat' dir='ltr'>dolet.</span> <span class='ocrx_word' id='word_1_76' title='bbox 1404 1083 1482 1127; x_wconf 86' lang='lat' dir='ltr'>nunc</span> 
     </span>
     <span class='ocr_line' id='line_1_9' title="bbox 348 1168 1480 1244; baseline -0.001 -16"><span class='ocrx_word' id='word_1_77' title='bbox 348 1174 442 1230; x_wconf 88' lang='lat' dir='ltr'>autem</span> <span class='ocrx_word' id='word_1_78' title='bbox 459 1173 559 1230; x_wconf 89' lang='lat' dir='ltr'>contra</span> <span class='ocrx_word' id='word_1_79' title='bbox 568 1171 678 1232; x_wconf 89' lang='lat' dir='ltr'>luctum</span> <span class='ocrx_word' id='word_1_80' title='bbox 689 1172 827 1231; x_wconf 87' lang='lat' dir='ltr'>sumenda</span> <span class='ocrx_word' id='word_1_81' title='bbox 839 1175 908 1230; x_wconf 89' lang='lat' dir='ltr'>sunt</span> <span class='ocrx_word' id='word_1_82' title='bbox 919 1189 1009 1241; x_wconf 87' lang='lat' dir='ltr'>arma,</span> <span class='ocrx_word' id='word_1_83' title='bbox 1025 1173 1058 1229; x_wconf 92' lang='lat' dir='ltr'>nt</span> <span class='ocrx_word' id='word_1_84' title='bbox 1073 1187 1139 1244; x_wconf 89' lang='lat' dir='ltr'>spes</span> <span class='ocrx_word' id='word_1_85' title='bbox 1154 1173 1255 1229; x_wconf 89' lang='lat' dir='ltr'>nostra</span> <span class='ocrx_word' id='word_1_86' title='bbox 1269 1169 1362 1243; x_wconf 92' lang='lat' dir='ltr'>possit</span> <span class='ocrx_word' id='word_1_87' title='bbox 1373 1168 1480 1229; x_wconf 87' lang='lat' dir='ltr'>habere</span> 
     </span>
     <span class='ocr_line' id='line_1_10' title="bbox 349 1271 1478 1346; baseline -0.001 -17"><span class='ocrx_word' id='word_1_88' title='bbox 349 1273 505 1331; x_wconf 87' lang='lat' dir='ltr'>uictoriam.</span> <span class='ocrx_word' id='word_1_89' title='bbox 530 1273 729 1346; x_wconf 79' lang='lat' dir='ltr'>principaliter</span> <span class='ocrx_word' id='word_1_90' title='bbox 755 1273 831 1346; x_wconf 92' lang='lat' dir='ltr'>quod</span> <span class='ocrx_word' id='word_1_91' title='bbox 852 1273 990 1331; x_wconf 83' lang='lat' dir='ltr'>Dominus</span> <span class='ocrx_word' id='word_1_92' title='bbox 1014 1273 1107 1331; x_wconf 89' lang='lat' dir='ltr'>uoluit</span> <span class='ocrx_word' id='word_1_93' title='bbox 1127 1272 1273 1345; x_wconf 84' lang='lat' dir='ltr'>suscipere</span> <span class='ocrx_word' id='word_1_94' title='bbox 1288 1271 1478 1345; x_wconf 79' lang='lat' dir='ltr'>gratulemur.</span> 
     </span>
     <span class='ocr_line' id='line_1_11' title="bbox 348 1353 1516 1447; baseline -0.003 -15"><span class='ocrx_word' id='word_1_95' title='bbox 348 1374 449 1433; x_wconf 93' lang='lat' dir='ltr'>deinde</span> <span class='ocrx_word' id='word_1_96' title='bbox 465 1353 602 1447; x_wconf 88' lang='lat' dir='ltr'>quiahoc</span> <span class='ocrx_word' id='word_1_97' title='bbox 617 1374 795 1433; x_wconf 90' lang='lat' dir='ltr'>omnibusin</span> <span class='ocrx_word' id='word_1_98' title='bbox 817 1377 922 1434; x_wconf 88' lang='lat' dir='ltr'>munde</span> <span class='ocrx_word' id='word_1_99' title='bbox 937 1392 1093 1446; x_wconf 92' lang='lat' dir='ltr'>commune,</span> <span class='ocrx_word' id='word_1_100' title='bbox 1116 1373 1232 1433; x_wconf 80' lang='lat' dir='ltr'>additur</span> <span class='ocrx_word' id='word_1_101' title='bbox 1255 1373 1400 1446; x_wconf 88' lang='lat' dir='ltr'>priuatum</span> <span class='ocrx_word' id='word_1_102' title='bbox 1425 1389 1477 1446; x_wconf 92' lang='lat' dir='ltr'>pe-</span> <span class='ocrx_word' id='word_1_103' title='bbox 1490 1389 1516 1429; x_wconf 87' lang='lat' dir='ltr'>ro</span> 
     </span>
     <span class='ocr_line' id='line_1_12' title="bbox 349 1475 1481 1549; baseline 0.001 -17"><span class='ocrx_word' id='word_1_104' title='bbox 349 1476 457 1534; x_wconf 89' lang='lat' dir='ltr'>culiare</span> <span class='ocrx_word' id='word_1_105' title='bbox 472 1478 603 1534; x_wconf 90' lang='lat' dir='ltr'>nostrum</span> <span class='ocrx_word' id='word_1_106' title='bbox 620 1476 695 1549; x_wconf 92' lang='lat' dir='ltr'>qnod</span> <span class='ocrx_word' id='word_1_107' title='bbox 710 1477 747 1534; x_wconf 87' lang='lat' dir='ltr'>ad</span> <span class='ocrx_word' id='word_1_108' title='bbox 775 1476 903 1549; x_wconf 89' lang='lat' dir='ltr'>requiem</span> <span class='ocrx_word' id='word_1_109' title='bbox 926 1477 1103 1535; x_wconf 87' lang='lat' dir='ltr'>deuocamnr.</span> <span class='ocrx_word' id='word_1_110' title='bbox 1130 1476 1260 1548; x_wconf 91' lang='lat' dir='ltr'>sequitur</span> <span class='ocrx_word' id='word_1_111' title='bbox 1275 1475 1481 1534; x_wconf 89' lang='lat' dir='ltr'>consummatio</span> 
     </span>
     <span class='ocr_line' id='line_1_13' title="bbox 349 1575 1480 1649; baseline 0.002 -15"><span class='ocrx_word' id='word_1_112' title='bbox 349 1579 473 1636; x_wconf 90' lang='lat' dir='ltr'>omnium</span> <span class='ocrx_word' id='word_1_113' title='bbox 489 1577 670 1649; x_wconf 76' lang='lat' dir='ltr'>gaudiorum,</span> <span class='ocrx_word' id='word_1_114' title='bbox 694 1579 771 1649; x_wconf 92' lang='lat' dir='ltr'>qnod</span> <span class='ocrx_word' id='word_1_115' title='bbox 782 1577 817 1634; x_wconf 73' lang='lat' dir='ltr'>&#39;in</span> <span class='ocrx_word' id='word_1_116' title='bbox 832 1577 1038 1636; x_wconf 87' lang='lat' dir='ltr'>resurrectione</span> <span class='ocrx_word' id='word_1_117' title='bbox 1059 1576 1182 1635; x_wconf 87' lang='lat' dir='ltr'>inuicem</span> <span class='ocrx_word' id='word_1_118' title='bbox 1198 1576 1280 1635; x_wconf 91' lang='lat' dir='ltr'>nobis</span> <span class='ocrx_word' id='word_1_119' title='bbox 1295 1575 1416 1636; x_wconf 91' lang='lat' dir='ltr'>Domino</span> <span class='ocrx_word' id='word_1_120' title='bbox 1432 1592 1480 1636; x_wconf 91' lang='lat' dir='ltr'>re·</span> 
     </span>
     <span class='ocr_line' id='line_1_14' title="bbox 352 1677 1482 1751; baseline -0.002 -14"><span class='ocrx_word' id='word_1_121' title='bbox 352 1681 492 1737; x_wconf 82' lang='lat' dir='ltr'>formante</span> <span class='ocrx_word' id='word_1_122' title='bbox 507 1679 675 1748; x_wconf 89' lang='lat' dir='ltr'>reddemur,</span> <span class='ocrx_word' id='word_1_123' title='bbox 701 1681 776 1750; x_wconf 90' lang='lat' dir='ltr'>qnod</span> <span class='ocrx_word' id='word_1_124' title='bbox 799 1678 947 1751; x_wconf 88' lang='lat' dir='ltr'>apostolus</span> <span class='ocrx_word' id='word_1_125' title='bbox 967 1678 1136 1751; x_wconf 89' lang='lat' dir='ltr'>pollicetur:</span> <span class='ocrx_word' id='word_1_126' title='bbox 1167 1678 1337 1736; x_wconf 91' lang='lat' dir='ltr'>nolumus</span> <span class='ocrx_word' id='word_1_127' title='bbox 1359 1677 1482 1750; x_wconf 91' lang='lat' dir='ltr'>igitur</span> 
     </span>
     <span class='ocr_line' id='line_1_15' title="bbox 349 1779 1482 1853; baseline -0.001 -16"><span class='ocrx_word' id='word_1_128' title='bbox 349 1781 524 1853; x_wconf 83' lang='lat' dir='ltr'>ignorare</span> <span class='ocrx_word' id='word_1_129' title='bbox 546 1796 627 1850; x_wconf 87' lang='lat' dir='ltr'>uos,</span> <span class='ocrx_word' id='word_1_130' title='bbox 651 1779 812 1850; x_wconf 85' lang='lat' dir='ltr'>iratres,</span> <span class='ocrx_word' id='word_1_131' title='bbox 836 1781 876 1838; x_wconf 92' lang='lat' dir='ltr'>de</span> <span class='ocrx_word' id='word_1_132' title='bbox 899 1780 1170 1838; x_wconf 80' lang='lat' dir='ltr'>dormientibus</span> <span class='ocrx_word' id='word_1_133' title='bbox 1192 1782 1321 1838; x_wconf 91' lang='lat' dir='ltr'>utnon</span> <span class='ocrx_word' id='word_1_134' title='bbox 1343 1779 1482 1839; x_wconf 89' lang='lat' dir='ltr'>contri-</span> 
     </span>
     <span class='ocr_line' id='line_1_16' title="bbox 348 1880 1517 1953; baseline -0.003 -15"><span class='ocrx_word' id='word_1_135' title='bbox 348 1882 498 1939; x_wconf 90' lang='lat' dir='ltr'>stemini</span> <span class='ocrx_word' id='word_1_136' title='bbox 522 1883 621 1946; x_wconf 85' lang='lat' dir='ltr'>sicut</span> <span class='ocrx_word' id='word_1_137' title='bbox 654 1884 690 1939; x_wconf 94' lang='lat' dir='ltr'>et</span> <span class='ocrx_word' id='word_1_138' title='bbox 712 1882 832 1939; x_wconf 91' lang='lat' dir='ltr'>ceteri</span> <span class='ocrx_word' id='word_1_139' title='bbox 852 1882 916 1953; x_wconf 94' lang='lat' dir='ltr'>qui</span> <span class='ocrx_word' id='word_1_140' title='bbox 939 1898 1007 1938; x_wconf 88' lang='lat' dir='ltr'>nou</span> <span class='ocrx_word' id='word_1_141' title='bbox 1031 1898 1128 1953; x_wconf 88' lang='lat' dir='ltr'>spem</span> <span class='ocrx_word' id='word_1_142' title='bbox 1150 1880 1298 1940; x_wconf 89' lang='lat' dir='ltr'>habent.</span> <span class='ocrx_word' id='word_1_143' title='bbox 1334 1882 1365 1939; x_wconf 87' lang='lat' dir='ltr'>si</span> <span class='ocrx_word' id='word_1_144' title='bbox 1388 1880 1517 1940; x_wconf 78' lang='lat' dir='ltr'>anima</span> 
     </span>
     <span class='ocr_line' id='line_1_17' title="bbox 348 1981 1482 2054; baseline 0.001 -15"><span class='ocrx_word' id='word_1_145' title='bbox 348 1983 533 2040; x_wconf 88' lang='lat' dir='ltr'>credimus</span> <span class='ocrx_word' id='word_1_146' title='bbox 563 1982 649 2054; x_wconf 85' lang='lat' dir='ltr'>qnia</span> <span class='ocrx_word' id='word_1_147' title='bbox 678 1981 765 2039; x_wconf 90' lang='lat' dir='ltr'>Iesu</span> <span class='ocrx_word' id='word_1_148' title='bbox 788 1984 950 2039; x_wconf 91' lang='lat' dir='ltr'>mortuus</span> <span class='ocrx_word' id='word_1_149' title='bbox 976 1985 1035 2040; x_wconf 90' lang='lat' dir='ltr'>est</span> <span class='ocrx_word' id='word_1_150' title='bbox 1060 1985 1098 2039; x_wconf 91' lang='lat' dir='ltr'>et</span> <span class='ocrx_word' id='word_1_151' title='bbox 1123 1983 1338 2054; x_wconf 84' lang='lat' dir='ltr'>resurrexit,</span> <span class='ocrx_word' id='word_1_152' title='bbox 1371 1983 1425 2040; x_wconf 90' lang='lat' dir='ltr'>sic</span> <span class='ocrx_word' id='word_1_153' title='bbox 1445 1984 1482 2040; x_wconf 92' lang='lat' dir='ltr'>et</span> 
     </span>
     <span class='ocr_line' id='line_1_18' title="bbox 348 2082 1480 2155; baseline 0.003 -15"><span class='ocrx_word' id='word_1_154' title='bbox 348 2082 1480 2155; x_wconf 89' lang='lat' dir='ltr'>Dominuseosqnidormieruntperlesumadducetcumillo.</span> 
     </span>
     <span class='ocr_line' id='line_1_19' title="bbox 349 2184 1482 2256; baseline -0.001 -13"><span class='ocrx_word' id='word_1_155' title='bbox 349 2186 420 2245; x_wconf 88' lang='lat' dir='ltr'>haec</span> <span class='ocrx_word' id='word_1_156' title='bbox 434 2184 499 2256; x_wconf 88' lang='lat' dir='ltr'>tibi,</span> <span class='ocrx_word' id='word_1_157' title='bbox 523 2185 683 2255; x_wconf 90' lang='lat' dir='ltr'>benedicte,</span> <span class='ocrx_word' id='word_1_158' title='bbox 700 2200 751 2256; x_wconf 90' lang='lat' dir='ltr'>pro</span> <span class='ocrx_word' id='word_1_159' title='bbox 767 2184 888 2242; x_wconf 86' lang='lat' dir='ltr'>caritate</span> <span class='ocrx_word' id='word_1_160' title='bbox 903 2184 1042 2243; x_wconf 92' lang='lat' dir='ltr'>communi</span> <span class='ocrx_word' id='word_1_161' title='bbox 1058 2184 1214 2243; x_wconf 87' lang='lat' dir='ltr'>transmisi.</span> <span class='ocrx_word' id='word_1_162' title='bbox 1237 2187 1362 2243; x_wconf 88' lang='lat' dir='ltr'>ceterum</span> <span class='ocrx_word' id='word_1_163' title='bbox 1378 2185 1436 2243; x_wconf 92' lang='lat' dir='ltr'>scio</span> <span class='ocrx_word' id='word_1_164' title='bbox 1452 2187 1482 2242; x_wconf 90' lang='lat' dir='ltr'>te</span> 
     </span>
     <span class='ocr_line' id='line_1_20' title="bbox 348 2285 1482 2360; baseline 0.002 -16"><span class='ocrx_word' id='word_1_165' title='bbox 348 2285 421 2345; x_wconf 85' lang='lat' dir='ltr'>alios</span> <span class='ocrx_word' id='word_1_166' title='bbox 447 2286 597 2345; x_wconf 88' lang='lat' dir='ltr'>consolari.</span> <span class='ocrx_word' id='word_1_167' title='bbox 622 2289 690 2343; x_wconf 91' lang='lat' dir='ltr'>tnnc</span> <span class='ocrx_word' id='word_1_168' title='bbox 712 2285 868 2344; x_wconf 83' lang='lat' dir='ltr'>acerbitas</span> <span class='ocrx_word' id='word_1_169' title='bbox 889 2303 945 2345; x_wconf 93' lang='lat' dir='ltr'>non</span> <span class='ocrx_word' id='word_1_170' title='bbox 968 2286 1094 2344; x_wconf 91' lang='lat' dir='ltr'>inueniet</span> <span class='ocrx_word' id='word_1_171' title='bbox 1115 2286 1330 2360; x_wconf 81' lang='lat' dir='ltr'>penetrabilem,</span> <span class='ocrx_word' id='word_1_172' title='bbox 1361 2286 1387 2346; x_wconf 93' lang='lat' dir='ltr'>si</span> <span class='ocrx_word' id='word_1_173' title='bbox 1409 2285 1482 2346; x_wconf 86' lang='lat' dir='ltr'>alios</span> 
     </span>
     <span class='ocr_line' id='line_1_21' title="bbox 349 2389 1520 2461; baseline -0.003 -14"><span class='ocrx_word' id='word_1_174' title='bbox 349 2392 447 2448; x_wconf 89' lang='lat' dir='ltr'>contra</span> <span class='ocrx_word' id='word_1_175' title='bbox 469 2389 550 2447; x_wconf 89' lang='lat' dir='ltr'>illam</span> <span class='ocrx_word' id='word_1_176' title='bbox 572 2405 629 2446; x_wconf 91' lang='lat' dir='ltr'>non</span> <span class='ocrx_word' id='word_1_177' title='bbox 645 2389 762 2447; x_wconf 86' lang='lat' dir='ltr'>cessetis</span> <span class='ocrx_word' id='word_1_178' title='bbox 785 2405 904 2447; x_wconf 87' lang='lat' dir='ltr'>armare.</span> <span class='ocrx_word' id='word_1_179' title='bbox 934 2391 1000 2461; x_wconf 92' lang='lat' dir='ltr'>opto</span> <span class='ocrx_word' id='word_1_180' title='bbox 1022 2393 1061 2459; x_wconf 88' lang='lat' dir='ltr'>te,</span> <span class='ocrx_word' id='word_1_181' title='bbox 1077 2389 1166 2448; x_wconf 85' lang='lat' dir='ltr'>frater</span> <span class='ocrx_word' id='word_1_182' title='bbox 1189 2389 1344 2460; x_wconf 87' lang='lat' dir='ltr'>carissime,</span> <span class='ocrx_word' id='word_1_183' title='bbox 1371 2402 1520 2461; x_wconf 82' lang='lat' dir='ltr'>semperso</span> 
     </span>
     <span class='ocr_line' id='line_1_22' title="bbox 348 2488 882 2550; baseline 0.002 -3"><span class='ocrx_word' id='word_1_184' title='bbox 348 2491 420 2550; x_wconf 89' lang='lat' dir='ltr'>bene</span> <span class='ocrx_word' id='word_1_185' title='bbox 444 2489 539 2548; x_wconf 81' lang='lat' dir='ltr'>ualere</span> <span class='ocrx_word' id='word_1_186' title='bbox 554 2493 584 2548; x_wconf 93' lang='lat' dir='ltr'>et</span> <span class='ocrx_word' id='word_1_187' title='bbox 599 2488 693 2547; x_wconf 91' lang='lat' dir='ltr'>nostri</span> <span class='ocrx_word' id='word_1_188' title='bbox 708 2490 882 2548; x_wconf 79' lang='lat' dir='ltr'>meminisse.</span> 
     </span>
    </p>
   </div>
   <div class='ocr_carea' id='block_1_3' title="bbox 418 2628 762 2692">
    <p class='ocr_par' dir='ltr' id='par_1_3' title="bbox 418 2628 762 2692">
     <span class='ocr_line' id='line_1_23' title="bbox 418 2628 762 2692; baseline 0.003 -10"><span class='ocrx_word' id='word_1_189' title='bbox 418 2629 483 2682; x_wconf 88' lang='lat'>131</span> <span class='ocrx_word' id='word_1_190' title='bbox 502 2630 593 2683; x_wconf 78' lang='lat' dir='ltr'>&#39;l&#39;bess</span> <span class='ocrx_word' id='word_1_191' title='bbox 612 2628 639 2692; x_wconf 79' lang='lat'>4,</span> <span class='ocrx_word' id='word_1_192' title='bbox 658 2629 700 2681; x_wconf 84' lang='grc'><strong>13.</strong></span> <span class='ocrx_word' id='word_1_193' title='bbox 720 2630 762 2683; x_wconf 85' lang='grc'><strong>14.</strong></span> 
     </span>
    </p>
   </div>
   <div class='ocr_carea' id='block_1_4' title="bbox 348 2757 1483 3849">
    <p class='ocr_par' dir='ltr' id='par_1_4' title="bbox 348 2757 1483 3849">
     <span class='ocr_line' id='line_1_24' title="bbox 418 2757 1449 2825; baseline 0.001 -15"><span class='ocrx_word' id='word_1_194' title='bbox 418 2757 613 2811; x_wconf 85' lang='lat' dir='ltr'>liubemurb</span> <span class='ocrx_word' id='word_1_195' title='bbox 738 2773 785 2825; x_wconf 84' lang='lat' dir='ltr'>pro</span> <span class='ocrx_word' id='word_1_196' title='bbox 803 2773 853 2812; x_wconf 80' lang='lat' dir='ltr'>our.</span> <span class='ocrx_word' id='word_1_197' title='bbox 871 2759 905 2811; x_wconf 79' lang='lat' dir='ltr'>rb</span> <span class='ocrx_word' id='word_1_198' title='bbox 1025 2757 1145 2811; x_wconf 80' lang='lat' dir='ltr'>edissae</span> <span class='ocrx_word' id='word_1_199' title='bbox 1265 2758 1391 2811; x_wconf 78' lang='lat' dir='ltr'>2salnnt</span> <span class='ocrx_word' id='word_1_200' title='bbox 1408 2759 1449 2812; x_wconf 92' lang='lat' dir='ltr'>Ze</span> 
     </span>
     <span class='ocr_line' id='line_1_25' title="bbox 349 2842 1480 2912; baseline 0.001 -18"><span class='ocrx_word' id='word_1_201' title='bbox 349 2842 513 2909; x_wconf 86' lang='lat' dir='ltr'>derelinquit</span> <span class='ocrx_word' id='word_1_202' title='bbox 530 2843 576 2910; x_wconf 73' lang='lat' dir='ltr'>pb,</span> <span class='ocrx_word' id='word_1_203' title='bbox 595 2843 725 2910; x_wconf 87' lang='lat' dir='ltr'>relinquit</span> <span class='ocrx_word' id='word_1_204' title='bbox 743 2843 785 2896; x_wconf 98' lang='lat' dir='ltr'>Ze</span> <span class='ocrx_word' id='word_1_205' title='bbox 900 2857 933 2894; x_wconf 90' lang='lat' dir='ltr'>ne</span> <span class='ocrx_word' id='word_1_206' title='bbox 951 2857 1001 2894; x_wconf 87' lang='lat' dir='ltr'>em.</span> <span class='ocrx_word' id='word_1_207' title='bbox 1020 2842 1045 2895; x_wconf 92' lang='lat' dir='ltr'>Z</span> <span class='ocrx_word' id='word_1_208' title='bbox 1159 2843 1187 2895; x_wconf 90' lang='lat' dir='ltr'>in</span> <span class='ocrx_word' id='word_1_209' title='bbox 1207 2843 1400 2911; x_wconf 87' lang='lat' dir='ltr'>persecutione]</span> <span class='ocrx_word' id='word_1_210' title='bbox 1420 2858 1480 2912; x_wconf 93' lang='lat' dir='ltr'>per·</span> 
     </span>
     <span class='ocr_line' id='line_1_26' title="bbox 350 2925 1481 2993; baseline 0.002 -16"><span class='ocrx_word' id='word_1_211' title='bbox 350 2926 513 2979; x_wconf 85' lang='lat' dir='ltr'>secutionem</span> <span class='ocrx_word' id='word_1_212' title='bbox 532 2927 575 2980; x_wconf 88' lang='lat' dir='ltr'>Ze</span> <span class='ocrx_word' id='word_1_213' title='bbox 688 2925 862 2978; x_wconf 86' lang='lat' dir='ltr'>3dimittere</span> <span class='ocrx_word' id='word_1_214' title='bbox 879 2942 930 2980; x_wconf 80' lang='lat' dir='ltr'>oea</span> <span class='ocrx_word' id='word_1_215' title='bbox 950 2928 976 2978; x_wconf 88' lang='grc' dir='ltr'><em>Ζ</em></span> <span class='ocrx_word' id='word_1_216' title='bbox 1086 2927 1153 2993; x_wconf 87' lang='lat' dir='ltr'>ipsis</span> <span class='ocrx_word' id='word_1_217' title='bbox 1170 2927 1189 2979; x_wconf 78' lang='lat' dir='ltr'>le</span> <span class='ocrx_word' id='word_1_218' title='bbox 1291 2927 1367 2979; x_wconf 90' lang='lat' dir='ltr'>illins</span> <span class='ocrx_word' id='word_1_219' title='bbox 1386 2925 1417 2990; x_wconf 92' lang='lat' dir='ltr'>Z,</span> <span class='ocrx_word' id='word_1_220' title='bbox 1436 2926 1481 2979; x_wconf 89' lang='lat' dir='ltr'>illi</span> 
     </span>
     <span class='ocr_line' id='line_1_27' title="bbox 349 3010 1483 3080; baseline 0.001 -16"><span class='ocrx_word' id='word_1_221' title='bbox 349 3027 374 3075; x_wconf 92' lang='lat' dir='ltr'>e,</span> <span class='ocrx_word' id='word_1_222' title='bbox 392 3011 481 3065; x_wconf 74' lang='lat' dir='ltr'>emb</span> <span class='ocrx_word' id='word_1_223' title='bbox 602 3010 815 3064; x_wconf 83' lang='lat' dir='ltr'>auxiliabiturb</span> <span class='ocrx_word' id='word_1_224' title='bbox 929 3011 1077 3063; x_wconf 76' lang='lat' dir='ltr'>lmatrem</span> <span class='ocrx_word' id='word_1_225' title='bbox 1097 3013 1141 3065; x_wconf 84' lang='lat' dir='ltr'>Zd</span> <span class='ocrx_word' id='word_1_226' title='bbox 1261 3011 1379 3080; x_wconf 87' lang='lat' dir='ltr'>habitat]</span> <span class='ocrx_word' id='word_1_227' title='bbox 1398 3010 1483 3065; x_wconf 85' lang='lat' dir='ltr'>habet</span> 
     </span>
     <span class='ocr_line' id='line_1_28' title="bbox 350 3097 1448 3166; baseline 0.004 -18"><span class='ocrx_word' id='word_1_228' title='bbox 350 3097 412 3165; x_wconf 77' lang='lat' dir='ltr'>Zpb</span> <span class='ocrx_word' id='word_1_229' title='bbox 540 3097 587 3165; x_wconf 92' lang='lat' dir='ltr'>qui</span> <span class='ocrx_word' id='word_1_230' title='bbox 606 3114 657 3151; x_wconf 87' lang='lat' dir='ltr'>om.</span> <span class='ocrx_word' id='word_1_231' title='bbox 675 3114 711 3164; x_wconf 79' lang='grc' dir='ltr'>νμ</span> <span class='ocrx_word' id='word_1_232' title='bbox 838 3099 856 3149; x_wconf 85' lang='lat'><strong>5</strong></span> <span class='ocrx_word' id='word_1_233' title='bbox 873 3114 921 3166; x_wconf 93' lang='lat' dir='ltr'>pro</span> <span class='ocrx_word' id='word_1_234' title='bbox 940 3099 1022 3165; x_wconf 81' lang='lat' dir='ltr'>corto]</span> <span class='ocrx_word' id='word_1_235' title='bbox 1041 3101 1113 3149; x_wconf 86' lang='lat' dir='ltr'>certe</span> <span class='ocrx_word' id='word_1_236' title='bbox 1131 3100 1150 3152; x_wconf 83' lang='lat' dir='ltr'>b</span> <span class='ocrx_word' id='word_1_237' title='bbox 1278 3100 1413 3152; x_wconf 88' lang='lat' dir='ltr'>succurret</span> <span class='ocrx_word' id='word_1_238' title='bbox 1429 3098 1448 3152; x_wconf 80' lang='lat' dir='ltr'>le</span> 
     </span>
     <span class='ocr_line' id='line_1_29' title="bbox 350 3181 1483 3251; baseline 0.002 -18"><span class='ocrx_word' id='word_1_239' title='bbox 350 3181 419 3251; x_wconf 92' lang='lat' dir='ltr'>uide]</span> <span class='ocrx_word' id='word_1_240' title='bbox 439 3181 501 3234; x_wconf 89' lang='lat' dir='ltr'>inde</span> <span class='ocrx_word' id='word_1_241' title='bbox 520 3182 547 3234; x_wconf 88' lang='lat' dir='ltr'>Z</span> <span class='ocrx_word' id='word_1_242' title='bbox 658 3181 763 3251; x_wconf 86' lang='lat' dir='ltr'>debeat]</span> <span class='ocrx_word' id='word_1_243' title='bbox 782 3181 918 3236; x_wconf 88' lang='lat' dir='ltr'>habeate</span> <span class='ocrx_word' id='word_1_244' title='bbox 1030 3182 1132 3248; x_wconf 88' lang='lat' dir='ltr'>aliquid</span> <span class='ocrx_word' id='word_1_245' title='bbox 1153 3181 1285 3236; x_wconf 80' lang='lat' dir='ltr'>debeatb</span> <span class='ocrx_word' id='word_1_246' title='bbox 1398 3182 1483 3235; x_wconf 80' lang='lat' dir='ltr'>(iali-</span> 
     </span>
     <span class='ocr_line' id='line_1_30' title="bbox 349 3266 1449 3334; baseline 0.003 -16"><span class='ocrx_word' id='word_1_247' title='bbox 349 3267 409 3334; x_wconf 88' lang='lat' dir='ltr'>qnis</span> <span class='ocrx_word' id='word_1_248' title='bbox 427 3266 517 3319; x_wconf 88' lang='lat' dir='ltr'>dolore</span> <span class='ocrx_word' id='word_1_249' title='bbox 535 3266 638 3319; x_wconf 91' lang='lat' dir='ltr'>concidi</span> <span class='ocrx_word' id='word_1_250' title='bbox 657 3266 699 3319; x_wconf 89' lang='lat' dir='ltr'>Ze</span> <span class='ocrx_word' id='word_1_251' title='bbox 812 3266 927 3334; x_wconf 85' lang='lat' dir='ltr'>animus]</span> <span class='ocrx_word' id='word_1_252' title='bbox 947 3267 1046 3334; x_wconf 85' lang='lat' dir='ltr'>aliquis</span> <span class='ocrx_word' id='word_1_253' title='bbox 1064 3267 1105 3320; x_wconf 91' lang='lat' dir='ltr'>Ze</span> <span class='ocrx_word' id='word_1_254' title='bbox 1207 3267 1224 3320; x_wconf 87' lang='grc'>9</span> <span class='ocrx_word' id='word_1_255' title='bbox 1242 3268 1331 3321; x_wconf 91' lang='lat' dir='ltr'>noluit</span> <span class='ocrx_word' id='word_1_256' title='bbox 1348 3267 1449 3322; x_wconf 78' lang='lat' dir='ltr'>deme</span> 
     </span>
     <span class='ocr_line' id='line_1_31' title="bbox 350 3350 1449 3420; baseline 0.003 -17"><span class='ocrx_word' id='word_1_257' title='bbox 350 3350 504 3420; x_wconf 70' lang='lat' dir='ltr'>leucinde]</span> <span class='ocrx_word' id='word_1_258' title='bbox 522 3351 639 3418; x_wconf 91' lang='lat' dir='ltr'>deniquo</span> <span class='ocrx_word' id='word_1_259' title='bbox 657 3351 698 3404; x_wconf 88' lang='lat' dir='ltr'>Ze</span> <span class='ocrx_word' id='word_1_260' title='bbox 843 3351 976 3420; x_wconf 87' lang='lat' dir='ltr'>omnibus]</span> <span class='ocrx_word' id='word_1_261' title='bbox 996 3351 1073 3404; x_wconf 90' lang='lat' dir='ltr'>nobis</span> <span class='ocrx_word' id='word_1_262' title='bbox 1091 3351 1109 3404; x_wconf 81' lang='lat' dir='ltr'>le</span> <span class='ocrx_word' id='word_1_263' title='bbox 1247 3368 1449 3406; x_wconf 84' lang='lat' dir='ltr'>communemr</span> 
     </span>
     <span class='ocr_line' id='line_1_32' title="bbox 349 3434 1449 3506; baseline 0.005 -19"><span class='ocrx_word' id='word_1_264' title='bbox 349 3434 459 3489; x_wconf 88' lang='lat' dir='ltr'>additur</span> <span class='ocrx_word' id='word_1_265' title='bbox 477 3435 510 3503; x_wconf 90' lang='lat' dir='ltr'>Z,</span> <span class='ocrx_word' id='word_1_266' title='bbox 529 3438 583 3488; x_wconf 84' lang='lat' dir='ltr'>cst:</span> <span class='ocrx_word' id='word_1_267' title='bbox 602 3435 713 3490; x_wconf 86' lang='lat' dir='ltr'>additur</span> <span class='ocrx_word' id='word_1_268' title='bbox 729 3437 755 3499; x_wconf 87' lang='lat' dir='ltr'>b,</span> <span class='ocrx_word' id='word_1_269' title='bbox 773 3436 876 3490; x_wconf 84' lang='lat' dir='ltr'>editum</span> <span class='ocrx_word' id='word_1_270' title='bbox 895 3454 919 3499; x_wconf 82' lang='lat' dir='ltr'>r,</span> <span class='ocrx_word' id='word_1_271' title='bbox 942 3436 1065 3489; x_wconf 88' lang='lat' dir='ltr'>additum</span> <span class='ocrx_word' id='word_1_272' title='bbox 1083 3456 1103 3504; x_wconf 88' lang='grc' dir='ltr'>μ</span> <span class='ocrx_word' id='word_1_273' title='bbox 1283 3439 1413 3506; x_wconf 88' lang='lat' dir='ltr'>priuatim</span> <span class='ocrx_word' id='word_1_274' title='bbox 1431 3440 1449 3493; x_wconf 79' lang='lat' dir='ltr'>le</span> 
     </span>
     <span class='ocr_line' id='line_1_33' title="bbox 350 3520 1483 3590; baseline 0.004 -17"><span class='ocrx_word' id='word_1_275' title='bbox 350 3520 492 3590; x_wconf 83' lang='lat' dir='ltr'>peculiare]</span> <span class='ocrx_word' id='word_1_276' title='bbox 512 3521 674 3590; x_wconf 89' lang='lat' dir='ltr'>particulare</span> <span class='ocrx_word' id='word_1_277' title='bbox 691 3538 708 3575; x_wconf 90' lang='lat' dir='ltr'>o</span> <span class='ocrx_word' id='word_1_278' title='bbox 821 3523 852 3574; x_wconf 91' lang='lat'>11</span> <span class='ocrx_word' id='word_1_279' title='bbox 872 3538 1028 3576; x_wconf 89' lang='lat' dir='ltr'>reuocamnr</span> <span class='ocrx_word' id='word_1_280' title='bbox 1046 3524 1093 3587; x_wconf 90' lang='lat' dir='ltr'>Ze,</span> <span class='ocrx_word' id='word_1_281' title='bbox 1112 3522 1310 3577; x_wconf 78' lang='lat' dir='ltr'>deducamurb</span> <span class='ocrx_word' id='word_1_282' title='bbox 1422 3540 1483 3578; x_wconf 92' lang='lat' dir='ltr'>con·</span> 
     </span>
     <span class='ocr_line' id='line_1_34' title="bbox 348 3593 1483 3677; baseline 0.005 -19"><span class='ocrx_word' id='word_1_283' title='bbox 348 3607 465 3659; x_wconf 85' lang='lat' dir='ltr'>eumatio</span> <span class='ocrx_word' id='word_1_284' title='bbox 483 3605 542 3674; x_wconf 77' lang='grc' dir='ltr'>Ζτμ</span> <span class='ocrx_word' id='word_1_285' title='bbox 657 3606 789 3676; x_wconf 79' lang='lat' dir='ltr'>12qu0d1</span> <span class='ocrx_word' id='word_1_286' title='bbox 808 3623 877 3674; x_wconf 87' lang='lat' dir='ltr'>qnae</span> <span class='ocrx_word' id='word_1_287' title='bbox 896 3608 936 3662; x_wconf 88' lang='lat' dir='ltr'>Ze</span> <span class='ocrx_word' id='word_1_288' title='bbox 1049 3609 1082 3662; x_wconf 83' lang='lat'>13</span> <span class='ocrx_word' id='word_1_289' title='bbox 1101 3593 1241 3663; x_wconf 78' lang='lat' dir='ltr'>reddemur</span> <span class='ocrx_word' id='word_1_290' title='bbox 1258 3610 1338 3677; x_wconf 93' lang='lat' dir='ltr'>quod]</span> <span class='ocrx_word' id='word_1_291' title='bbox 1357 3609 1483 3664; x_wconf 88' lang='lat' dir='ltr'>reddetur</span> 
     </span>
     <span class='ocr_line' id='line_1_35' title="bbox 349 3691 1448 3763; baseline 0.005 -20"><span class='ocrx_word' id='word_1_292' title='bbox 349 3691 420 3744; x_wconf 86' lang='lat' dir='ltr'>sicut</span> <span class='ocrx_word' id='word_1_293' title='bbox 437 3691 477 3745; x_wconf 88' lang='lat' dir='ltr'>Ze</span> <span class='ocrx_word' id='word_1_294' title='bbox 601 3693 634 3746; x_wconf 86' lang='lat'>14</span> <span class='ocrx_word' id='word_1_295' title='bbox 652 3692 714 3745; x_wconf 92' lang='lat' dir='ltr'>nolo</span> <span class='ocrx_word' id='word_1_296' title='bbox 734 3708 781 3746; x_wconf 92' lang='lat' dir='ltr'>nos</span> <span class='ocrx_word' id='word_1_297' title='bbox 798 3693 957 3760; x_wconf 80' lang='lat' dir='ltr'>ignoraret</span> <span class='ocrx_word' id='word_1_298' title='bbox 1078 3696 1111 3748; x_wconf 79' lang='lat'>15</span> <span class='ocrx_word' id='word_1_299' title='bbox 1128 3710 1201 3763; x_wconf 91' lang='lat' dir='ltr'>spem</span> <span class='ocrx_word' id='word_1_300' title='bbox 1219 3710 1271 3748; x_wconf 91' lang='lat' dir='ltr'>non</span> <span class='ocrx_word' id='word_1_301' title='bbox 1289 3694 1390 3748; x_wconf 86' lang='lat' dir='ltr'>habent</span> <span class='ocrx_word' id='word_1_302' title='bbox 1408 3694 1448 3749; x_wconf 89' lang='lat' dir='ltr'>Ze</span> 
     </span>
     <span class='ocr_line' id='line_1_36' title="bbox 351 3765 1482 3849; baseline 0.005 -21"><span class='ocrx_word' id='word_1_303' title='bbox 351 3775 384 3828; x_wconf 88' lang='lat'>16</span> <span class='ocrx_word' id='word_1_304' title='bbox 402 3777 476 3845; x_wconf 84' lang='lat' dir='ltr'>quie]</span> <span class='ocrx_word' id='word_1_305' title='bbox 496 3791 547 3843; x_wconf 92' lang='lat' dir='ltr'>quo</span> <span class='ocrx_word' id='word_1_306' title='bbox 566 3777 599 3841; x_wconf 90' lang='lat' dir='ltr'>Z,</span> <span class='ocrx_word' id='word_1_307' title='bbox 618 3776 688 3845; x_wconf 92' lang='lat' dir='ltr'>quod</span> <span class='ocrx_word' id='word_1_308' title='bbox 706 3794 723 3831; x_wconf 92' lang='lat' dir='ltr'>e</span> <span class='ocrx_word' id='word_1_309' title='bbox 837 3776 904 3847; x_wconf 85' lang='lat' dir='ltr'>iesu]</span> <span class='ocrx_word' id='word_1_310' title='bbox 923 3777 1039 3832; x_wconf 83' lang='lat' dir='ltr'>cliristns</span> <span class='ocrx_word' id='word_1_311' title='bbox 1056 3779 1075 3832; x_wconf 81' lang='lat' dir='ltr'>d</span> <span class='ocrx_word' id='word_1_312' title='bbox 1190 3781 1223 3834; x_wconf 84' lang='grc'><strong>17</strong></span> <span class='ocrx_word' id='word_1_313' title='bbox 1241 3765 1290 3834; x_wconf 74' lang='lat' dir='ltr'>dns</span> <span class='ocrx_word' id='word_1_314' title='bbox 1308 3795 1352 3833; x_wconf 89' lang='lat' dir='ltr'>eos</span> <span class='ocrx_word' id='word_1_315' title='bbox 1370 3801 1398 3849; x_wconf 80' lang='grc' dir='ltr'>μ,</span> <span class='ocrx_word' id='word_1_316' title='bbox 1418 3780 1482 3834; x_wconf 87' lang='lat' dir='ltr'>deus</span> 
     </span>
    </p>
   </div>
   <div class='ocr_carea' id='block_1_5' title="bbox 349 3860 1483 4273">
    <p class='ocr_par' dir='ltr' id='par_1_5' title="bbox 349 3860 1483 4273">
     <span class='ocr_line' id='line_1_37' title="bbox 350 3860 1482 3935; baseline 0.006 -23"><span class='ocrx_word' id='word_1_317' title='bbox 350 3876 394 3914; x_wconf 85' lang='lat' dir='ltr'>eos</span> <span class='ocrx_word' id='word_1_318' title='bbox 412 3861 438 3924; x_wconf 85' lang='lat' dir='ltr'>d,</span> <span class='ocrx_word' id='word_1_319' title='bbox 455 3860 520 3914; x_wconf 89' lang='lat' dir='ltr'>deus</span> <span class='ocrx_word' id='word_1_320' title='bbox 538 3879 562 3924; x_wconf 86' lang='lat' dir='ltr'>r,</span> <span class='ocrx_word' id='word_1_321' title='bbox 581 3878 625 3915; x_wconf 87' lang='lat' dir='ltr'>eos</span> <span class='ocrx_word' id='word_1_322' title='bbox 643 3862 686 3916; x_wconf 88' lang='lat' dir='ltr'>Ze</span> <span class='ocrx_word' id='word_1_323' title='bbox 775 3877 823 3931; x_wconf 90' lang='lat' dir='ltr'>per</span> <span class='ocrx_word' id='word_1_324' title='bbox 839 3863 935 3931; x_wconf 87' lang='lat' dir='ltr'>iesum]</span> <span class='ocrx_word' id='word_1_325' title='bbox 954 3863 981 3916; x_wconf 92' lang='lat' dir='ltr'>in</span> <span class='ocrx_word' id='word_1_326' title='bbox 1000 3865 1058 3916; x_wconf 87' lang='lat' dir='ltr'>iesu</span> <span class='ocrx_word' id='word_1_327' title='bbox 1077 3866 1126 3927; x_wconf 89' lang='lat' dir='ltr'>Ze,</span> <span class='ocrx_word' id='word_1_328' title='bbox 1146 3866 1174 3917; x_wconf 92' lang='lat' dir='ltr'>in</span> <span class='ocrx_word' id='word_1_329' title='bbox 1192 3866 1329 3919; x_wconf 81' lang='lat' dir='ltr'>christob</span> <span class='ocrx_word' id='word_1_330' title='bbox 1421 3865 1482 3935; x_wconf 85' lang='lat' dir='ltr'>illo]</span> 
     </span>
     <span class='ocr_line' id='line_1_38' title="bbox 350 3945 1483 4017; baseline 0.006 -20"><span class='ocrx_word' id='word_1_331' title='bbox 350 3960 379 3997; x_wconf 88' lang='lat' dir='ltr'>eo</span> <span class='ocrx_word' id='word_1_332' title='bbox 397 3945 437 4000; x_wconf 91' lang='lat' dir='ltr'>Ze</span> <span class='ocrx_word' id='word_1_333' title='bbox 530 3947 564 3999; x_wconf 90' lang='lat'>18</span> <span class='ocrx_word' id='word_1_334' title='bbox 582 3946 729 4014; x_wconf 89' lang='lat' dir='ltr'>communi]</span> <span class='ocrx_word' id='word_1_335' title='bbox 747 3950 841 4000; x_wconf 87' lang='lat' dir='ltr'>mutua</span> <span class='ocrx_word' id='word_1_336' title='bbox 859 3949 902 4000; x_wconf 88' lang='lat' dir='ltr'>Ze</span> <span class='ocrx_word' id='word_1_337' title='bbox 987 3949 1024 4017; x_wconf 92' lang='lat' dir='ltr'>te]</span> <span class='ocrx_word' id='word_1_338' title='bbox 1043 3950 1133 4002; x_wconf 89' lang='lat' dir='ltr'>ualere</span> <span class='ocrx_word' id='word_1_339' title='bbox 1151 3949 1217 4002; x_wconf 77' lang='lat' dir='ltr'>adel.</span> <span class='ocrx_word' id='word_1_340' title='bbox 1236 3950 1287 4012; x_wconf 81' lang='lat' dir='ltr'>Zb,</span> <span class='ocrx_word' id='word_1_341' title='bbox 1306 3948 1373 4004; x_wconf 88' lang='lat' dir='ltr'>bone</span> <span class='ocrx_word' id='word_1_342' title='bbox 1392 3952 1483 4004; x_wconf 88' lang='lat' dir='ltr'>nelere</span> 
     </span>
     <span class='ocr_line' id='line_1_39' title="bbox 350 4029 1449 4102; baseline 0.007 -20"><span class='ocrx_word' id='word_1_343' title='bbox 350 4029 451 4084; x_wconf 74' lang='lat' dir='ltr'>adde</span> <span class='ocrx_word' id='word_1_344' title='bbox 530 4032 563 4084; x_wconf 84' lang='lat'>19</span> <span class='ocrx_word' id='word_1_345' title='bbox 582 4048 610 4085; x_wconf 82' lang='lat' dir='ltr'>se</span> <span class='ocrx_word' id='word_1_346' title='bbox 627 4048 673 4102; x_wconf 75' lang='lat' dir='ltr'>sp,</span> <span class='ocrx_word' id='word_1_347' title='bbox 692 4034 719 4085; x_wconf 88' lang='lat' dir='ltr'>to</span> <span class='ocrx_word' id='word_1_348' title='bbox 737 4032 797 4087; x_wconf 83' lang='lat' dir='ltr'>Zbe</span> <span class='ocrx_word' id='word_1_349' title='bbox 875 4033 909 4102; x_wconf 87' lang='lat' dir='ltr'>ai]</span> <span class='ocrx_word' id='word_1_350' title='bbox 928 4036 956 4085; x_wconf 89' lang='lat' dir='ltr'>et</span> <span class='ocrx_word' id='word_1_351' title='bbox 974 4035 1001 4086; x_wconf 93' lang='lat' dir='ltr'>Z</span> <span class='ocrx_word' id='word_1_352' title='bbox 1074 4035 1110 4088; x_wconf 78' lang='lat'>20</span> <span class='ocrx_word' id='word_1_353' title='bbox 1127 4034 1242 4088; x_wconf 85' lang='lat' dir='ltr'>cessabis</span> <span class='ocrx_word' id='word_1_354' title='bbox 1260 4035 1309 4099; x_wconf 87' lang='lat' dir='ltr'>Ze,</span> <span class='ocrx_word' id='word_1_355' title='bbox 1327 4051 1412 4090; x_wconf 85' lang='lat' dir='ltr'>cesses</span> <span class='ocrx_word' id='word_1_356' title='bbox 1429 4037 1449 4090; x_wconf 80' lang='lat' dir='ltr'>le</span> 
     </span>
     <span class='ocr_line' id='line_1_40' title="bbox 350 4115 1481 4191; baseline 0.009 -26"><span class='ocrx_word' id='word_1_357' title='bbox 350 4117 413 4181; x_wconf 87' lang='lat' dir='ltr'>opto</span> <span class='ocrx_word' id='word_1_358' title='bbox 424 4153 431 4166; x_wconf 95' lang='lat'>.</span> <span class='ocrx_word' id='word_1_359' title='bbox 442 4156 447 4166; x_wconf 91' lang='lat'>.</span> <span class='ocrx_word' id='word_1_360' title='bbox 458 4155 464 4166; x_wconf 93' lang='lat'>.</span> <span class='ocrx_word' id='word_1_361' title='bbox 476 4115 630 4170; x_wconf 87' lang='lat' dir='ltr'>meminisse</span> <span class='ocrx_word' id='word_1_362' title='bbox 648 4134 700 4172; x_wconf 84' lang='lat' dir='ltr'>em.</span> <span class='ocrx_word' id='word_1_363' title='bbox 718 4118 744 4183; x_wconf 85' lang='lat' dir='ltr'>ir,</span> <span class='ocrx_word' id='word_1_364' title='bbox 763 4133 840 4171; x_wconf 86' lang='lat' dir='ltr'>amen</span> <span class='ocrx_word' id='word_1_365' title='bbox 859 4118 886 4171; x_wconf 92' lang='lat' dir='ltr'>Z</span> <span class='ocrx_word' id='word_1_366' title='bbox 889 4141 896 4185; x_wconf 72' lang='grc' dir='ltr'><em>ς</em></span> <span class='ocrx_word' id='word_1_367' title='bbox 915 4119 1005 4173; x_wconf 88' lang='lat' dir='ltr'>nalete</span> <span class='ocrx_word' id='word_1_368' title='bbox 1023 4120 1087 4174; x_wconf 80' lang='lat' dir='ltr'>odd.</span> <span class='ocrx_word' id='word_1_369' title='bbox 1101 4142 1129 4191; x_wconf 82' lang='grc' dir='ltr'>μ.</span> <span class='ocrx_word' id='word_1_370' title='bbox 1147 4150 1182 4160; x_wconf 90' lang='grc'>-</span> <span class='ocrx_word' id='word_1_371' title='bbox 1200 4120 1402 4175; x_wconf 70' lang='lat' dir='ltr'>aduersarum</span> <span class='ocrx_word' id='word_1_372' title='bbox 1422 4135 1481 4190; x_wconf 88' lang='lat' dir='ltr'>pre·</span> 
     </span>
     <span class='ocr_line' id='line_1_41' title="bbox 349 4199 849 4273; baseline 0.018 -22"><span class='ocrx_word' id='word_1_373' title='bbox 349 4199 486 4268; x_wconf 81' lang='lat' dir='ltr'>sbytcrnm</span> <span class='ocrx_word' id='word_1_374' title='bbox 504 4201 616 4268; x_wconf 87' lang='lat' dir='ltr'>crplicit</span> <span class='ocrx_word' id='word_1_375' title='bbox 634 4203 665 4268; x_wconf 91' lang='lat' dir='ltr'>Z,</span> <span class='ocrx_word' id='word_1_376' title='bbox 684 4220 735 4258; x_wconf 84' lang='lat' dir='ltr'>oea</span> <span class='ocrx_word' id='word_1_377' title='bbox 752 4220 796 4273; x_wconf 73' lang='lat' dir='ltr'>ee.</span> <span class='ocrx_word' id='word_1_378' title='bbox 815 4234 849 4244; x_wconf 95' lang='lat'><em>-</em></span> 
     </span>
    </p>
   </div>
   <div class='ocr_carea' id='block_1_6' title="bbox 814 4324 1014 4336">
    <p class='ocr_par' dir='ltr' id='par_1_6' title="bbox 814 4324 1014 4336">
     <span class='ocr_line' id='line_1_42' title="bbox 814 4324 1014 4336; baseline 0.02 -4"><span class='ocrx_word' id='word_1_379' title='bbox 814 4324 855 4332; x_wconf 46' lang='lat'>...-</span> <span class='ocrx_word' id='word_1_380' title='bbox 869 4325 1014 4336; x_wconf 56' lang='lat' dir='ltr'>..u-a...—</span> 
     </span>
    </p>
   </div>
   <div class='ocr_carea' id='block_1_7' title="bbox 0 0 1866 4920">
    <p class='ocr_par' dir='ltr' id='par_1_7' title="bbox 0 0 1866 4920">
     <span class='ocr_line' id='line_1_43' title="bbox 0 0 1866 4920; baseline 0 0"><span class='ocrx_word' id='word_1_381' title='bbox 0 0 1866 4920; x_wconf 95' lang='lat' dir='ltr'> </span> 
     </span>
    </p>
   </div>
  </div>
 </body>
</html>
