3720 4920
741 416 904 471 Carmine.
1146 483 1147 486 Ἴ
1314 407 1378 485 293

447 575 585 647 Tempore
599 591 663 634 mor
676 590 731 646 quo
745 573 795 632 lux
810 575 944 634 tenebras
959 575 1015 633 iem
1030 574 1157 634 scindere
1173 575 1295 647 temptat

445 677 484 734 Iit
498 674 607 735 bicolor
622 675 693 735 caeli
708 675 797 736 facies
812 676 848 736 de
862 680 946 737 nocte
960 677 1063 751 dieque
1079 680 1124 736 est

448 778 601 836 Instabant
614 779 732 836 iuuenes
748 777 918 837 chaldaeam
933 780 1051 838 educere
1065 780 1180 854 gentem

449 879 492 937 Er
506 878 634 938 Sodomis
649 879 809 954 iustamque
825 879 938 939 domum
953 881 1059 940 donare
1073 879 1178 940 saluti:

387 982 427 1039 85
449 982 503 1040 Ilia
517 998 571 1055 sge
585 982 660 1042 Loth
676 999 795 1057 exsurge
810 985 944 1057 tuamque
959 983 1075 1042 adsume
1090 981 1214 1056 iugalem

448 1084 488 1142 lit
501 1086 584 1143 netas
599 1083 728 1158 duplices
742 1087 828 1158 atque
843 1084 909 1144 hinc
924 1084 1097 1143 exterminus
1112 1083 1154 1144 ito

450 1187 641 1246 Praeueniens
656 1187 805 1246 sodomum
819 1204 934 1260 poenas.
950 1187 1081 1247 manibus
1097 1203 1208 1260 quoqne
1219 1183 1319 1245 ramicis

449 1288 615 1346 Producunt
631 1288 757 1360 trepidos
769 1293 798 1348 et
812 1289 919 1348 ibidem
935 1291 1029 1350 cetera
1043 1289 1194 1347 mandant:

450 1392 536 1450 Serus
551 1390 625 1449 Loth
641 1391 764 1450 animem
780 1408 834 1452 neu
850 1391 944 1450 nisum
959 1391 989 1450 in
1003 1393 1085 1464 terga
1102 1393 1257 1449 retrorsum

388 1492 430 1550 99
451 1492 569 1550 Vertere
584 1492 658 1551 forte
673 1491 747 1551 uelis
763 1495 890 1565 coeptum
906 1493 954 1551 nel
968 1492 1069 1551 sistere
1083 1508 1223 1566 gressum,

452 1596 487 1652 In
502 1597 627 1654 montem
642 1611 772 1668 propera.
788 1594 885 1653 timuit
899 1594 974 1654 Loth
989 1595 1078 1653 ardua
1092 1594 1174 1653 tardo

449 1698 586 1770 Ereptere
600 1696 701 1769 gradm
717 1695 856 1755 caelestes
870 1712 906 1754 na
923 1695 1003 1768 prius
1018 1695 1076 1754 irae

455 1798 654 1870 Opprimerent
666 1797 749 1855 illos:
765 1797 837 1855 alios
852 1798 1004 1869 deposcere
1018 1797 1118 1869 portus

453 1900 640 1973 Aggreditur,
655 1916 772 1973 paruam
787 1917 872 1974 quam
887 1902 985 1960 contra
999 1901 1148 1972 aspexerat
1160 1899 1267 1959 urbem.

392 2002 432 2059 95
455 2002 529 2071 Ηιιο,
545 2001 649 2074 inquit,
664 2000 734 2075 fuga
748 2003 797 2075 sit,
814 2004 890 2062 certe
904 2002 952 2061 uir
967 2002 1114 2061 moenibus
1129 2003 1218 2072 extet,

455 2105 514 2162 Nec
528 2103 623 2176 longe,
639 2120 691 2163 nec
706 2121 811 2178 magna
824 2104 905 2163 mibi.
922 2104 1019 2163 fauere
1034 2103 1159 2176 pauenti,

458 2206 545 2264 Vrbis
560 2210 590 2264 et
605 2206 695 2280 ipsius
710 2207 820 2280 pariter·
834 2223 946 2265 cessere
962 2206 1099 2266 salutem:

456 2309 544 2381 Segor
559 2308 625 2366 inde
639 2308 701 2368 loco
716 2326 818 2368 nomeu
833 2326 888 2368 uox
903 2309 1025 2367 barbara
1039 2308 1130 2367 nouit.

412 2446 413 2450 =
458 2409 537 2466 Tunc
552 2409 628 2467 Loth
642 2410 803 2482 ingreditur
817 2410 915 2482 Segor,
932 2409 1018 2468 simul
1033 2410 1159 2468 exoritur
1174 2409 1226 2480 sol,

374 2511 436 2568 100
458 2509 583 2568 Vltimus
598 2509 648 2568 ille
663 2511 776 2582 quidem
792 2511 930 2584 Sodomis,
946 2511 1003 2568 iam
1019 2509 1150 2570 incendia
1164 2510 1279 2568 feruens

457 2612 552 2669 Iratus
568 2614 628 2670 toto
643 2613 739 2670 radios
752 2616 915 2671 armauerat
929 2612 1000 2686 igni.

339 2893 373 2947 81
391 2910 449 2947 mor
467 2911 516 2947 om.
535 2895 561 2945 A
703 2893 865 2947 tenebrescit
883 2894 1001 2948 scindere
1017 2894 1054 2955 H,
1080 2892 1203 2947 tenebras
1220 2890 1393 2946 conscendere

272 2979 330 3044 Ba3
347 2981 367 3032 t
386 2979 543 3032 confundere
560 2981 647 3046 gestit
668 2978 827 3033 Groaoac'ees
993 2978 1152 3046 deiicerer]
1171 2977 1225 3030 tibi
1242 2977 1314 3031 color
1330 2976 1365 3029 H

272 3089 341 3143 facie
356 3091 385 3142 A
515 3088 549 3142 83
567 3088 707 3142 instabant
723 3088 819 3142 iubant
837 3056 912 3142 iunci}
929 3089 956 3141 A
1075 3091 1183 3156 gentem
1195 3129 1200 3139 .
1211 3089 1281 3142 ..84
1297 3085 1397 3140 donare

272 3199 322 3238 orra
340 3183 369 3238 B
469 3183 561 3251 8411]
580 3182 612 3235 de
625 3183 652 3236 A
728 3165 906 3236 ''db'l'reiaA
1016 3181 1050 3234 86
1067 3180 1203 3249 dupplices
1221 3179 1249 3234 R
1352 3195 1396 3233 ex·

272 3269 395 3323 terminis
412 3269 446 3322 H
573 3269 607 3321 87
625 3268 782 3337 proueniens
801 3269 827 3320 A
844 3268 892 3321 sed
909 3284 956 3337 pro
974 3281 1073 3335 capro
1204 3280 1299 3335 poenes
1317 3264 1361 3318 H¹

274 3369 378 3423 qnoque
395 3371 430 3408 ea
447 3370 515 3423 aque
533 3355 560 3407 A
695 3353 731 3407 88
749 3356 777 3406 et
794 3352 892 3406 ibidem
911 3353 947 3415 A,
965 3355 1046 3419 atquc
1063 3352 1129 3405 haec
1146 3350 1184 3404 ibi
1203 3349 1256 3415 Ro,
1274 3351 1330 3417 ato.
1348 3350 1397 3404 hec

272 3438 325 3493 tibi
342 3439 378 3493 H
514 3439 548 3493 89
566 3455 643 3492 serua
659 3438 728 3506 loth]
748 3442 854 3492 seruato
873 3439 908 3502 R,
927 3439 1032 3491 seruato
1051 3438 1156 3491 seruato
1174 3437 1201 3488 A
1343 3450 1396 3488 neu

273 3525 386 3589 Miller,
404 3540 437 3577 ne
454 3525 511 3592 Hc,
529 3524 557 3578 in
575 3525 610 3587 R,
627 3541 678 3578 om.
693 3525 720 3578 A
789 3525 877 3578 nisum
896 3540 945 3578 om.
964 3524 991 3576 A
1059 3524 1089 3577 in
1106 3527 1184 3592 terga
1200 3524 1319 3576 retusum
1337 3520 1362 3574 A

272 3612 307 3665 91
324 3613 439 3664 mentem
458 3613 485 3666 A
570 3610 606 3663 92
623 3612 701 3664 ire...
720 3611 754 3663 H
829 3609 864 3663 93
882 3610 945 3663 illos
963 3609 1030 3662 alios
1048 3595 1087 3671 A,
1102 3607 1169 3661 elios
1187 3607 1273 3676 igitur
1289 3604 1362 3659 HRo

273 3694 411 3765 depostere
429 3696 455 3748 A
547 3696 583 3748 94
600 3694 738 3764 agreditur
757 3698 787 3748 H
871 3709 1007 3764 parnamq.
1026 3695 1117 3747 contre
1135 3692 1170 3754 R,
1188 3706 1297 3760 paruam
1315 3705 1396 3758 quem

273 3795 333 3833 cum
350 3780 381 3832 Η
481 3781 517 3835 95
534 3780 600 3849 tuga
618 3781 656 3834 sit
674 3785 745 3834 certe
763 3781 798 3844 A,
816 3780 834 3834 l.
853 3780 877 3832 si
895 3783 965 3834 certe
977 3779 1015 3841 H,
1033 3777 1141 3832 intende
1159 3777 1250 3846 lugam
1269 3776 1320 3840 Ra,
1338 3792 1400 3832 con·

274 3865 354 3920 tendo
371 3865 450 3934 fugas
466 3884 484 3921 o
595 3867 683 3920 instat
699 3868 727 3921 A
840 3867 875 3919 96
892 3865 973 3935 longe
991 3882 1026 3918 ec
1043 3865 1124 3934 longo
1143 3866 1170 3916 A
1273 3861 1342 3915 mibi
1360 3865 1402 3915 est

274 3950 340 4015 HR,
353 3992 360 4005 .
373 3950 421 4004 Illi
437 3968 454 4004 a
558 3952 648 4005 fauete
666 3951 803 4005 Herelius
911 3951 1022 4020 pauenti
1039 3949 1145 4018 scripsi,
1163 3947 1269 4017 parenti
1286 3947 1323 4013 A,
1343 3961 1400 4015 pre·

275 4037 348 4089 canti
366 4036 403 4099 H,
422 4036 525 4105 petenti
543 4035 571 4090 R
673 4037 707 4090 97
725 4053 830 4105 gessero
847 4037 892 4092 Ro
994 4035 1081 4088 salute
1098 4037 1128 4088 H
1228 4034 1264 4086 98
1280 4031 1342 4085 inde
1359 4048 1403 4085 se·

275 4135 324 4188 gor
341 4122 369 4176 R
480 4122 565 4191 nouit]
585 4124 670 4176 creuit
687 4124 757 4176 coaa'.
776 4122 884 4177 Mrtllcr
998 4121 1050 4174 100
1066 4119 1181 4174 sodomis
1198 4121 1253 4172 iam
1272 4119 1307 4179 A,
1325 4117 1402 4171 sodo·

275 4223 400 4275 mumque
413 4208 475 4271 HR,
494 4209 522 4260 in
541 4207 727 4275 sodomamque
745 4225 762 4262 o
864 4207 979 4275 feruens]
998 4222 1106 4258 seruans
1123 4205 1193 4258 corat.
1209 4202 1324 4264 Matre,
1341 4217 1402 4255 uer·

276 4308 339 4346 aens
354 4292 422 4359 sort.
441 4293 475 4357 cf.
500 4292 930 4362 Verg.Aea‚1162,XI704
1009 4290 1058 4345 101
1076 4291 1163 4346 iratus
1184 4291 1220 4354 A,
1238 4287 1323 4343 infert
1339 4302 1401 4342 nem

276 4378 352 4436 HBa
453 4381 527 4432 totos
546 4378 621 4435 HRa
724 4381 862 4433 amanerat
879 4381 910 4432 H
