3720 4920
346 339 389 403 60
824 335 1007 405 Appendix.

346 492 468 551 effudi
515 493 605 551 irem
651 510 765 552 meum
810 510 920 566 super
954 511 1013 553 eos
1055 497 1090 553 ot
1134 493 1381 553 dissemineui
1416 509 1480 553 eos

347 594 446 653 inter
483 597 613 668 gentes
654 597 692 653 et
729 597 926 655 seeundum
962 598 1120 670 peoestu
1155 612 1274 656 eorum
1309 593 1481 655 indiesui

346 714 425 768 eos,
470 697 557 770 quia
597 697 945 771 coinquinsus'runt
983 700 1149 756 sanetum
1189 714 1315 756 nomen
1355 714 1480 756 meum.

348 801 384 857 et
414 798 500 872 quis
529 799 673 858 dietum
703 801 763 857 est
793 799 834 858 de
863 799 936 857 hie:
973 799 1031 858 hie
1061 802 1116 857 est
1144 800 1299 872 populus
1327 798 1480 872 Domini,

348 901 493 974 peperci
539 901 595 958 eis
644 902 796 972 propter
836 902 1000 960 sonetum
1040 916 1165 960 nomen
1204 917 1338 973 meum,
1387 900 1502 974 quode

348 1002 493 1075 spreuit
529 1005 654 1063 domus
688 1003 812 1063 Israel
847 1002 950 1061 inter
978 1005 1118 1076 gentes.
1161 1005 1190 1061 et
1219 1002 1395 1074 coniungens
1424 1000 1481 1060 nit:

348 1105 547 1176 propterea
576 1104 634 1162 dio
673 1103 813 1178 populo
854 1103 1001 1163 Israel:
1037 1104 1126 1163 hese
1163 1103 1259 1163 dieit
1286 1103 1482 1162 Dominus:

348 1220 416 1262 non
446 1205 554 1264 uobis
580 1222 691 1279 pereo
721 1205 845 1264 domus
874 1206 1006 1278 Israel,
1036 1206 1097 1265 sed
1127 1208 1282 1280 propter
1316 1210 1483 1265 sanetum

349 1322 474 1364 nomen
502 1323 613 1366 meum
643 1323 804 1379 pureum,
834 1308 928 1380 quod
958 1307 1235 1382 coinquinastis
1264 1309 1369 1366 iuter
1398 1325 1482 1381 gen-

350 1407 422 1479 tes,
458 1411 493 1467 et
523 1407 657 1467 seietis
699 1408 787 1481 quie
827 1425 893 1482 ego
924 1408 1112 1481 Dominus,
1152 1426 1228 1468 oum
1268 1409 1520 1469 sanctifice-ro

349 1509 415 1569 bor
452 1509 487 1567 iu
523 1509 639 1568 uobis.
682 1509 752 1567 item
790 1509 927 1568 Dominus
957 1510 993 1568 od
1023 1508 1157 1569 eundem:
1199 1509 1269 1568 fili
1309 1509 1485 1580 hominis,

350 1610 408 1671 die
443 1610 572 1684 populo
611 1611 749 1670 Israel:
786 1627 897 1684 quero
934 1610 1056 1671 loeuti
1092 1612 1188 1671 estis
1218 1611 1402 1671 dieentes:
1432 1627 1485 1669 er-

350 1714 496 1771 roribus
521 1714 664 1772 nostris
686 1714 995 1784 eoutsbeseimns,
1022 1715 1056 1771 et
1089 1713 1260 1786 quomodo
1285 1712 1383 1771 salui
1405 1728 1486 1770 esse

350 1813 580 1887 poterimus?
623 1815 681 1873 dio
716 1815 787 1873 eis:
817 1814 904 1873 nino
939 1831 1019 1888 ego,
1061 1814 1157 1872 dicit
1185 1814 1371 1885 Dominus,
1402 1814 1488 1887 quie

350 1932 424 1974 uon
471 1916 640 1975 desidero
687 1919 837 1975 mortem
884 1916 1116 1988 pseoetoris,
1164 1916 1265 1974 sieut
1314 1916 1522 1976 desiderem

351 2018 390 2074 ut
411 2019 606 2076 reuertatur
628 1999 843 2090 peccatore
866 2017 926 2074 uis
947 2034 1011 2075 suu
1036 2018 1199 2089 pessime
1232 2019 1267 2075 et
1288 2016 1403 2095 uiuet.
1433 2033 1487 2075 re·

351 2118 428 2176 dite
462 2134 547 2192 ergo
569 2135 587 2176 s
608 2117 669 2176 uie
699 2120 829 2177 uestra
862 2117 1031 2190 pessime.
1066 2119 1153 2190 quie
1186 2118 1295 2177 morti
1327 2135 1391 2177 uos
1412 2121 1486 2178 trs·

354 2220 447 2290 ditis
470 2221 594 2279 domus
617 2220 760 2278 Israel?
791 2219 834 2278 sio
859 2221 889 2277 et
914 2237 965 2293 per
990 2220 1104 2279 Essiam
1130 2221 1315 2293 prophetem:
1350 2237 1419 2278 uon
1452 2219 1489 2277 in

354 2323 543 2379 aeternum
576 2320 801 2393 indignabor
834 2320 939 2379 nobis
967 2337 1081 2396 nsque
1109 2337 1249 2395 semper
1276 2338 1344 2380 nou
1367 2321 1488 2381 defen·

355 2423 433 2480 dem
455 2439 527 2481 uos.
558 2424 587 2479 et
603 2423 737 2494 quonism
752 2423 916 2482 Hieremiae
931 2424 1073 2497 prophete
1087 2423 1116 2481 in
1133 2440 1254 2496 persone
1268 2424 1367 2496 populi
1389 2440 1526 2495 poeno-se

354 2524 428 2582 toris
443 2525 611 2597 depreeatur
626 2524 780 2582 Dominum
795 2525 908 2583 disens:
933 2526 1082 2584 emenda
1103 2542 1167 2584 nos
1188 2525 1346 2596 Domine,
1371 2525 1433 2584 sed
1455 2527 1490 2584 in

356 2624 498 2683 iudieio
520 2627 556 2684 et
577 2643 646 2684 uon
670 2627 707 2683 in
730 2628 806 2697 ire,
839 2643 882 2684 no
914 2642 1051 2698 psuoos
1073 2625 1192 2685 facies
1214 2644 1298 2697 nos,
1333 2626 1437 2684 ediscit
1460 2629 1491 2684 et

355 2724 429 2783 dixit
447 2725 565 2784 lisoius:
592 2726 747 2798 proptor
770 2728 957 2799 peeeetum
982 2726 1118 2785 modios
1146 2727 1376 2786 eoutristeni
1403 2742 1489 2799 eum,

353 2829 391 2887 et
414 2827 586 2901 percussi
614 2844 691 2886 eum
716 2831 752 2886 et
777 2828 900 2888 auerti
925 2828 1059 2888 iseiem
1080 2845 1188 2903 meum
1210 2830 1252 2887 ab
1274 2845 1324 2900 eo,
1352 2832 1387 2888 et
1408 2845 1489 2888 oon·

353 2929 538 2987 tristatos
566 2932 622 2987 est
651 2931 687 2988 et
717 2928 815 2988 abiit
843 2929 974 2988 tristis
1004 2929 1040 2987 iu
1069 2929 1142 2988 uiis
1172 2928 1260 3000 suis,
1290 2929 1522 3003 etquisope·re

354 3032 452 3103 retur,
491 3029 596 3089 udieeit
620 3032 650 3089 et
676 3029 764 3089 dixit:
802 3025 887 3090 uies
917 3030 996 3089 eius
1024 3030 1104 3089 uidi
1133 3033 1169 3089 et
1195 3030 1322 3090 oureni
1348 3047 1424 3088 eum
1454 3031 1490 3088 et

354 3132 440 3190 dodi
470 3132 503 3190 ei
532 3131 829 3191 exhortationem
860 3148 979 3190 uerum
1009 3148 1131 3205 puoem
1156 3147 1266 3205 super
1291 3148 1412 3205 paoem
1439 3158 1489 3193 u

354 3233 567 3307 poenitentibus
593 3232 816 3306 deprecantibus
836 3235 866 3291 et
887 3233 1072 3306 operantibus
1092 3232 1209 3292 restitui
1235 3250 1319 3306 posse
1350 3232 1400 3306 qui
1414 3233 1489 3291 mule

354 3333 491 3407 perierint
506 3334 611 3407 quique
627 3350 644 3392 u
659 3332 774 3393 Christo
790 3333 1008 3393 deelinuusriut.

422 3610 455 3662 11
473 3608 519 3663 Es.
537 3609 581 3675 33,
601 3609 642 3663 10.
663 3610 705 3662 11.
812 3609 846 3663 18
863 3608 908 3664 Es.
927 3608 969 3673 5⁷,
989 3607 1030 3664 16.
1134 3607 1168 3661 21
1186 3606 1259 3661 Hier.
1280 3607 1321 3669 10,
1340 3607 1384 3662 24.

419 3863 437 3916 5
454 3879 549 3916 nomen
567 3866 693 3918 sonetum
710 3878 740 3926 o,
757 3865 824 3918 itm
841 3864 859 3917 1.
876 3867 896 3918 8
1052 3864 1086 3916 10
1108 3862 1291 3915 senetiiiostus
1309 3861 1384 3915 fuero
1402 3878 1418 3914 e

352 3948 386 4001 14
403 3947 447 4001 die
463 3947 503 4001 eis
521 3964 557 4000 ex
573 3948 671 4002 dieetis
688 3949 721 4001 K
795 3949 829 4002 15
846 3949 918 4002 sient
935 3949 973 4012 K,
991 3948 1072 4002 sede
1141 3947 1174 3999 18
1191 3947 1231 4000 sie
1249 3950 1277 4000 et
1295 3948 1332 4011 K,
1350 3947 1417 4001 sico

350 4032 386 4086 20
403 4032 530 4086 hieremie
548 4033 581 4087 K
675 4034 710 4086 21
729 4049 779 4088 em.
797 4033 857 4103 nos]
877 4032 1047 4087 emendemus
1065 4032 1098 4085 K
1192 4032 1227 4084 22
1244 4033 1273 4086 in
1291 4032 1343 4102 im]
1362 4032 1403 4085 irs
1421 4031 1455 4084 K

350 4117 386 4171 23
403 4117 471 4171 dieit
489 4117 521 4171 K
599 4117 636 4174 2‘1
654 4134 743 4172 nerem
763 4133 799 4171 eu
816 4133 891 4171 urum
910 4117 943 4170 K
1019 4117 1054 4171 28
1071 4116 1269 4186 poenitentibus
1287 4124 1336 4172 ete.
1352 4123 1486 4186 comptu

350 4203 483 4257 sederetur
587 4203 635 4271 qui
652 4218 688 4257 ex
706 4219 786 4272 quem
805 4203 843 4268 K,
862 4201 966 4271 quode
1051 4201 1087 4257 29
1105 4203 1216 4271 quiqu-e
1233 4203 1277 4267 K,
1295 4203 1451 4272 quodquoe
