3720 4920
422 339 561 393 LXXXVI

420 476 513 542 libris
535 495 633 542 manu
657 475 783 557 seriptis
808 473 1004 556 inaequalem
1030 473 1214 556 plerumque
1237 491 1361 555 operam
1385 474 1560 540 collocabat

299 655 304 673 ,
403 585 564 654 ,unicum
585 585 756 668 scripturas
777 601 839 650 non
860 583 907 649 ita
928 585 1070 653 enotusse
1085 584 1213 666 utquid
1233 583 1351 670 singuli
1366 584 1508 655 ualerent
1523 586 1556 651 et

419 697 471 763 cui
492 697 632 763 familiae
653 698 758 762 essent
777 695 975 763 adscribendi
997 696 1112 760 certius
1134 694 1256 760 definiri
1270 696 1382 777 posset.
1410 696 1555 773 minime,

415 807 483 892 ipse
503 807 560 886 ait,
582 807 718 888 spondeo
731 825 780 870 ricc
793 805 831 870 ire
845 804 928 872 bisce
950 805 1094 870 omnibu
1115 804 1305 886 exhibendis,
1328 806 1378 871 itu
1392 805 1553 872 semiliter

416 917 590 997 1111111111,
606 921 641 982 cl
652 936 718 981 noc
729 916 843 997 aliquo
854 915 940 981 altro
948 916 1168 996 praeterires,
1184 934 1265 995 poue
1275 919 1332 979 cut
1343 915 1555 981 librariorum

416 1026 583 1110 manifesti
606 1045 735 1108 errores,
761 1029 819 1090 act
845 1023 976 1089 minora
1001 1029 1094 1091 ercru
1120 1043 1218 1106 quam
1242 1029 1278 1089 el
1300 1024 1406 1090 lectori
1431 1045 1555 1091 morcon

414 1138 566 1219 fuscent
602 1137 731 1202 mallem
766 1154 881 1220 paucos
916 1137 1098 1202 adnotasset
1132 1135 1332 1201 librariorum
1366 1135 1551 1203 manifestos

415 1265 532 1312 errores
558 1266 652 1329 quam
674 1248 801 1312 centum
823 1264 912 1311 ueras
935 1246 1094 1312 lectiones.
1121 1246 1155 1311 in
1170 1247 1320 1329 scriptore
1334 1245 1418 1311 enim
1432 1247 1550 1313 totiens

379 1391 381 1397 ·
417 1357 573 1441 descripto
598 1357 740 1422 codicum
763 1357 988 1440 praestantiam
1010 1357 1112 1422 multo
1133 1356 1236 1442 magis
1257 1376 1363 1422 eornm
1384 1357 1551 1436 erroribus,

416 1468 524 1550 quint
538 1467 709 1551 genuinum
730 1467 927 1533 inueniemua
948 1466 1098 1547 efficiunt,
1120 1473 1215 1550 quem
1229 1467 1430 1534 librariorum
1443 1468 1553 1551 politis

415 1577 684 1643 emendationibus
705 1578 819 1661 quibus
844 1577 1083 1659 adquiescamus
1104 1578 1227 1661 saepius
1248 1596 1370 1643 neeesse
1385 1579 1443 1656 est,
1466 1577 1551 1643 cerni

413 1689 485 1770 quis
505 1688 646 1754 nesciat?
668 1689 723 1754 sed
738 1689 789 1753 uel
803 1688 849 1752 sie
865 1688 1078 1752 certissimum
1093 1689 1195 1752 estne
1210 1707 1307 1752 unum
1323 1687 1449 1769 quidam
1465 1688 1551 1754 inter

415 1816 524 1865 omnes
544 1799 616 1864 illos
637 1800 756 1865 codices
777 1802 898 1864 exstare
918 1797 1104 1882 integritate
1125 1797 1171 1862 ita
1185 1799 1351 1882 insignem,
1373 1799 1428 1881 qui
1443 1799 1476 1864 in
1490 1799 1551 1864 hac

414 1909 591 1974 recensione
613 1907 709 1973 luerit
730 1909 934 1974 adhibendus.
958 1927 1059 1990 neque
1081 1909 1148 1991 ipse
1162 1909 1352 1973 Bodleianus
1377 1909 1394 1972 1
1418 1908 1550 1975 rariores

414 2019 567 2103 epistulas
587 2021 620 2084 et
638 2018 745 2085 Pontii
768 2019 870 2085 uitam
891 2018 1051 2084 continens
1072 2017 1127 2101 qui
1147 2018 1206 2082 hoe
1226 2036 1354 2085 numero
1375 2017 1551 2101 excipiatur

413 2128 527 2214 dignus
548 2130 606 2193 est.
629 2148 703 2193 nam
718 2129 794 2211 quin
808 2131 841 2194 11
855 2129 922 2211 ipse
938 2149 974 2193 er
988 2128 1158 2213 Reginensi
1173 2129 1254 2193 libro
1270 2129 1322 2213 (T)
1338 2127 1465 2193 fluxerit
1480 2128 1548 2194 eius

412 2237 576 2321 scripturis
591 2238 705 2304 leuiter
715 2239 866 2321 inspectis
880 2255 971 2303 nemo
986 2237 1155 2303 dubitabit.
1172 2256 1361 2321 quemquam
1375 2238 1425 2304 1111
1436 2239 1547 2305 melio·

411 2366 461 2415 res
482 2366 589 2413 omnes
612 2349 686 2412 sunt
708 2368 803 2431 quam
826 2367 862 2413 11
885 2348 999 2431 quibus
1013 2348 1175 2413 Pamelius
1201 2348 1359 2432 scriptoris
1382 2349 1477 2414 uerba
1491 2350 1547 2414 de-

412 2458 606 2540 pranauerat.
632 2477 727 2540 quare
742 2458 769 2522 si
784 2459 892 2524 Fellus
915 2477 1022 2524 eorum
1041 2459 1212 2542 scripturas
1226 2461 1259 2523 in
1274 2461 1393 2524 textum
1409 2458 1546 2543 recipere

412 2557 508 2650 uuam
528 2568 630 2633 textui
652 2568 791 2634 subicere
813 2568 987 2647 maluisset,
1015 2567 1205 2653 Cyprianum
1219 2570 1290 2650 plus
1305 2569 1455 2635 sexcentis
1471 2569 1547 2634 locis
1617 2621 1621 2629 .

413 2678 532 2761 optime
546 2680 669 2762 poterat
684 2680 855 2745 emendare.

350 2828 363 2859 ο
453 2789 635 2856 Postremus
649 2789 771 2873 ingenti
785 2790 928 2856 codicum
943 2806 1073 2855 numero
1089 2789 1270 2867 instructus,
1286 2789 1398 2871 quibus
1413 2789 1447 2853 in
1465 2806 1548 2854 cem·
1611 2780 1614 2785 ’

351 2895 387 2928 ¹¹⁸·
413 2899 577 2982 portandis
589 2901 622 2964 et
632 2899 813 2985 euoluendis
828 2901 900 2982 plus
916 2900 1097 2983 quindecim
1112 2917 1207 2965 annos
1223 2899 1377 2964 indelessa
1392 2899 1550 2965 industria

410 3003 653 3091 consumpserat,
683 2991 851 3077 editionem
879 3011 1006 3093 parauit
1032 3009 1208 3093 Stephanus
1234 3011 1385 3076 Baluzius
1415 3030 1548 3093 eamque

410 3138 439 3184 a
462 3120 545 3184 1717
567 3119 653 3202 typis
674 3121 775 3202 coepit
796 3120 979 3198 describere,
1003 3120 1180 3185 inchoatam
1201 3138 1273 3185 eum
1294 3120 1360 3202 ipse
1381 3119 1424 3185 28
1446 3140 1546 3186 mens.

408 3229 509 3296 1111.
525 3230 608 3296 1718
620 3230 662 3297 88
674 3250 769 3298 annos
782 3234 875 3298 natus
887 3231 1016 3310 obisset,
1031 3231 1224 3297 Pmdeutius
1235 3231 1383 3297 Maranns
1394 3231 1545 3309 absoluit,

408 3337 461 3403 cui
484 3355 614 3421 operum
639 3341 815 3422 spuriorum
839 3341 1088 3408 emendationem
1111 3342 1276 3419 debemus3
1304 3341 1440 3426 genuina
1462 3340 1552 3405 enim·

406 3448 536 3515 Baluzio
571 3450 739 3516 etiamtum
774 3451 848 3517 uiuo
883 3451 1038 3551 impressa
1067 3454 1170 3531 erant;
1206 3471 1301 3534 qnare
1330 3452 1387 3517 nbi
1416 3453 1449 3517 in
1478 3451 1547 3517 illis

405 3558 530 3624 Buluuii
546 3559 714 3625 editionem
729 3562 836 3641 citaui,
851 3562 1019 3628 Prudentii
1026 3562 1149 3627 Marani
1164 3561 1250 3627 nolui
1266 3562 1411 3647 intellegi
1426 3582 1545 3628 curam.

406 3668 479 3733 inde
509 3686 582 3734 uero
611 3670 730 3736 laetum
761 3672 875 3736 estut
903 3672 1120 3737 adnotationes
1150 3672 1190 3737 ad
1218 3690 1311 3755 opera
1339 3672 1546 3756 suppositieia

405 3776 471 3845 lere
494 3779 601 3846 nullae
624 3781 828 3861 edicerentur,
853 3782 929 3847 dum
951 3784 1070 3866 scripta
1091 3783 1228 3867 genuina
1248 3782 1416 3850 uberrimis
1437 3801 1545 3848 rerum

405 3887 587 3955 criticamm
613 3893 646 3956 11
671 3891 901 3975 exegeticarum
920 3894 1167 3960 *commentariis
1194 3895 1363 3960 abundant.
1394 3893 1545 3960 Baluzius

406 3999 490 4065 enim
514 4001 617 4066 uarias
640 4001 790 4068 lectiones
804 4003 839 4068 in
853 4003 997 4089 margine
1020 4004 1197 4072 editionum
1219 4006 1439 4088 exscripserat3
1463 4023 1543 4088 quae

405 4128 477 4176 cum
503 4128 575 4177 mox
600 4112 831 4196 postmortem
858 4114 926 4181 eius
952 4135 1025 4183 eum
1050 4116 1123 4182 aliis
1149 4135 1227 4201 quos
1247 4117 1428 4200 possidebat
1450 4115 1544 4182 libris

405 4220 573 4290 distractae
594 4227 708 4304 essent,
731 4225 813 4292 nihil
835 4225 900 4295 lere
924 4228 1047 4294 inuenit
1062 4229 1220 4311 Maranus,
1243 4249 1299 4295 nec
1321 4229 1360 4295 de
1382 4229 1544 4295 codicibus
