3720 4920
378 339 420 406 18
854 335 1041 408 Appendia.

377 496 449 555 itum
472 494 569 556 carnia
589 493 641 567 qui
664 495 827 567 proculcato
850 495 912 554 iure
933 495 1090 570 pudicitiae
1107 495 1180 554 uitia
1195 494 1289 555 earnis
1304 497 1426 554 exercet.
1449 493 1517 553 hinc

377 598 478 657 merito
504 613 623 671 regnum
648 595 789 656 caelorum
813 614 872 657 non
898 598 997 657 tenent
1022 595 1157 668 adulteri,
1184 595 1251 656 hinc
1275 598 1320 656 est
1343 595 1517 670 quodomne

376 701 524 774 peccatum
546 700 628 758 extra
649 715 751 773 eorpus
772 699 843 759 dicit
861 715 941 771 esse,
962 700 1056 759 solum
1079 699 1241 760 adulterum
1256 714 1372 774 peccare
1387 698 1418 756 in
1432 714 1517 756 suum

376 819 497 875 corpus:
520 801 588 861 hinc
610 804 722 862 ceterae
744 803 961 875 praeceptorum
985 802 1175 861 auctoritates
1199 817 1272 874 quas
1294 816 1369 860 nunc
1391 798 1516 860 recolere

376 920 474 963 ornnes
489 920 546 962 non
561 906 606 962 est
621 918 737 962 neeesse
752 904 829 977 apud
843 920 895 964 uos
909 903 1082 977 praesertim
1097 902 1147 975 qui
1163 902 1229 961 illas
1244 901 1336 961 nostis
1351 901 1539 974 frequentem

375 1009 406 1066 et
431 1005 538 1079 tacitis,
563 1021 636 1080 quae
662 1005 730 1064 licet
755 1005 899 1078 descripta
920 1022 977 1064 non
999 1004 1069 1075 sint,
1096 1004 1210 1078 queruli
1224 1006 1321 1063 tamen
1335 1004 1370 1063 de
1384 1002 1445 1062 illis
1459 1019 1517 1063 non

375 1106 499 1182 potestis
514 1124 585 1167 esse.
601 1106 714 1167 adulter
727 1105 805 1166 enim
817 1107 978 1166 nonhabet
993 1107 1207 1167 excusationem
1222 1110 1273 1166 aut
1287 1106 1394 1167 habere
1409 1104 1516 1179 potuit,

376 1208 445 1281 quia
459 1209 563 1269 ducere
577 1209 684 1269 licebat
698 1225 822 1269 uxorem.

346 1307 366 1366 7
420 1311 475 1370 Sed
495 1311 571 1371 sicut
593 1309 732 1371 matronis
754 1311 817 1370 iura
838 1309 1017 1385 praescripta
1037 1312 1106 1369 sunt
1126 1325 1199 1384 quae
1222 1310 1265 1368 ita
1279 1313 1347 1369 aunt
1360 1325 1460 1384 nexae,
1482 1311 1515 1368 ut

375 1413 475 1472 diuelli
490 1411 556 1472 inde
571 1430 627 1471 non
642 1412 764 1485 possint,
780 1412 940 1486 uirginitas
951 1429 1019 1471 uero
1035 1414 1065 1471 et
1080 1410 1259 1471 continentia
1280 1414 1360 1470 extra
1373 1427 1455 1470 omne
1468 1409 1514 1470 ius
1524 1425 1551 1466 re

377 1515 460 1573 sunt:
484 1512 557 1574 nihil
572 1515 610 1573 ad
624 1513 820 1589 uirginitatem
835 1514 870 1573 de
885 1512 1131 1573 matrimoniorum
1154 1512 1268 1586 legibus
1289 1512 1423 1586 pertinet,
1447 1511 1516 1571 alti·

375 1613 475 1673 tudine
491 1633 544 1673 sua
557 1616 735 1674 transcendit
749 1633 857 1686 omnes,
878 1645 948 1679 m
964 1615 990 1673 si
1006 1614 1068 1672 ulla
1081 1631 1172 1688 praua
1191 1614 1338 1673 hominurn
1352 1615 1431 1687 leges
1446 1631 1516 1672 ausa

374 1702 545 1791 supergredi
570 1718 718 1776 conantur.
744 1717 899 1791 uirginitas
924 1718 1031 1789 aequat
1061 1733 1093 1775 aa
1118 1715 1247 1790 angelis:
1270 1716 1296 1774 si
1323 1732 1389 1776 uero
1415 1716 1516 1789 exqui-

376 1834 485 1890 ramus,
512 1818 599 1877 etiam
623 1818 745 1889 excedit,
771 1819 839 1876 dum
860 1819 891 1876 in
914 1834 999 1877 carne
1022 1819 1135 1877 luctata
1149 1819 1299 1877 uictoriam
1314 1818 1401 1876 etiam
1416 1820 1516 1878 eontra

375 1920 508 1979 naturam
533 1920 623 1979 refert
648 1937 734 1993 quam
760 1936 816 1979 non
843 1920 952 1979 habent
978 1919 1085 1994 angeli.
1109 1918 1263 1994 uirginitas
1284 1919 1353 1992 quid
1374 1917 1453 1977 aliud
1469 1920 1551 1977 estas

377 2037 463 2093 quam
485 2021 599 2081 futurae
621 2022 697 2081 uitae
718 2022 844 2095 gloriosa
864 2022 1033 2082 meditatio?
1057 2023 1211 2095 unginitas
1235 2022 1329 2082 nentri
1352 2023 1397 2080 est
1418 2038 1514 2092 sexus,

376 2121 531 2195 uirginitas
554 2125 600 2181 est
619 2138 806 2196 perseuerans
827 2124 960 2195 infantia,
985 2124 1140 2198 uirginitas
1156 2127 1202 2182 est
1216 2123 1396 2197 uoluptatum
1411 2123 1515 2181 trium·

376 2223 461 2297 phua,
476 2223 632 2296 uirginitas
647 2224 723 2284 filios
738 2242 794 2284 non
809 2226 906 2295 habet,
922 2226 973 2284 sed
988 2226 1065 2299 quod
1080 2226 1146 2298 plus
1161 2229 1207 2284 est
1221 2225 1344 2285 filiorum
1366 2223 1514 2298 contemp·

374 2329 435 2383 tnm
456 2327 554 2398 habet,
576 2343 632 2385 non
656 2327 743 2385 habet
769 2327 976 2387 fecunditatem
1000 2328 1051 2387 sed
1074 2344 1130 2387 non
1152 2327 1240 2385 habet
1261 2326 1422 2399 orbitatem,
1446 2327 1515 2386 felix

374 2428 451 2499 quod
466 2429 511 2485 est
526 2430 607 2485 extra
621 2429 723 2500 partus
744 2427 869 2487 dolorem
889 2427 1001 2487 felicior
1015 2430 1062 2486 est
1084 2430 1179 2486 numm
1194 2428 1276 2486 extra
1290 2427 1423 2487 funerum
1437 2426 1513 2488 flliu-
1523 2441 1550 2483 ro

374 2545 437 2588 rum
464 2529 667 2589 calamitatem.
695 2528 849 2602 uirginitas
875 2530 945 2603 quid
970 2528 1051 2589 aliud
1077 2531 1123 2591 est
1143 2545 1229 2603 quam
1250 2529 1345 2589 soluta
1370 2529 1513 2591 libertast

445 2765 461 2817 1
479 2763 571 2830 procul
589 2763 727 2817 conculcat
744 2778 789 2816 eos
807 2763 834 2816 Z
947 2763 1057 2831 exercet]
1077 2762 1163 2816 nescit
1182 2764 1208 2815 Z
1319 2763 1437 2831 2rogna
1456 2763 1482 2815 Ζ

374 2845 446 2913 qued
463 2862 549 2902 orno
628 2846 731 2901 3dicit
748 2863 800 2901 om.
818 2847 865 2903 Kc
943 2846 1108 2901 adulterium
1127 2847 1159 2898 Κ
1233 2847 1479 2916 dpraeceptoriao

373 2929 563 2984 auctoritatem
581 2932 609 2984 Z
721 2946 789 2999 quas
807 2946 858 2985 orn.
876 2932 904 2984 Ζ
1018 2930 1146 2986 colereZ
1256 2931 1449 2998 5praesertinr
1467 2932 1514 2998 qui

373 3013 447 3084 illas]
466 3015 674 3084 praeferuntque
691 3017 754 3070 illas
773 3032 824 3086 qne
842 3017 927 3070 nescis
945 3017 989 3070 nel
1007 3032 1074 3084 quas
1093 3018 1120 3069 Ζ
1239 3020 1268 3068 et
1286 3015 1437 3083 frequenter
1455 3016 1482 3068 Z

373 3098 552 3170 Gdeecripta]
572 3100 694 3155 districte
712 3102 739 3154 Z
848 3117 902 3155 non
920 3118 971 3155 oea.
991 3101 1047 3155 KZ
1149 3103 1214 3155 eunt
1232 3101 1258 3153 Z
1366 3100 1515 3167 quaerellas

372 3183 452 3249 tK,
470 3185 557 3239 relata
574 3189 663 3240 mente
680 3187 707 3240 Z
817 3186 969 3243 ‘ladnlteri
987 3188 1013 3241 Z
1124 3188 1196 3240 enim
1214 3201 1265 3241 orn.
1285 3189 1310 3240 Z
1421 3185 1513 3257 habet]

373 3267 466 3322 obesse
484 3270 511 3322 Ζ
596 3271 656 3339 quis
675 3274 724 3325 aut
741 3272 853 3326 haberet
870 3273 904 3336 Ζ,
922 3276 971 3326 aut
988 3272 1071 3327 habet
1088 3276 1137 3327 ant
1154 3272 1252 3326 habere
1269 3272 1302 3326 K
1385 3272 1514 3327 dduoere

373 3369 426 3409 orn.
443 3355 478 3418 Z,
494 3354 561 3409 (sold.¹
577 3355 609 3409 ἐπ
625 3372 713 3426 mcep.
732 3356 765 3411 K
863 3357 945 3412 daed
963 3373 1013 3412 ora.
1033 3359 1061 3411 Z
1151 3358 1333 3412 matrimoniis
1351 3359 1377 3412 Ζ
1474 3357 1515 3411 ita

373 3440 437 3492 snnt
454 3454 503 3493 nec
521 3456 549 3493 re
567 3439 603 3504 K,
622 3440 661 3494 sic
678 3455 731 3494 non
749 3443 814 3495 sunt
830 3441 883 3496 fixa
901 3443 928 3495 Ζ
1050 3442 1085 3496 10
1101 3442 1164 3496 inde
1181 3459 1231 3498 oce
1251 3444 1279 3497 Z
1390 3442 1442 3496 ,Sit
1459 3443 1514 3496 nir·

373 3523 478 3593 ginitas
496 3525 522 3578 Z
636 3542 697 3579 nero
715 3543 765 3580 om.
785 3528 810 3580 Z
926 3529 959 3582 11
972 3529 1152 3597 pertinentZ
1266 3529 1299 3582 12
1317 3529 1416 3597 omnes]
1436 3542 1515 3596 super

373 3609 510 3663 hominem
528 3611 556 3663 Ζ
657 3611 682 3664 si
700 3612 766 3681 ulla]
785 3613 843 3666 alta
861 3614 889 3665 Z
997 3629 1082 3683 praua
1100 3613 1127 3666 h.
1146 3614 1219 3682 leges
1237 3630 1287 3667 orn.
1308 3615 1333 3667 Ζ
1438 3612 1513 3680 ausa]

372 3709 439 3748 uasa
456 3694 484 3749 Z
568 3695 602 3749 13
619 3695 774 3766 supergredi
792 3698 877 3754 Kal.
888 3702 959 3766 Μ,
977 3714 1028 3754 om.
1047 3700 1073 3753 Z
1159 3700 1297 3768 conantur]
1316 3698 1437 3753 coronari
1455 3699 1482 3751 Ζ

372 3789 470 3848 aequat
486 3783 524 3850 se]
544 3797 656 3849 eqnasse
673 3784 699 3836 Ζ
790 3785 959 3852 requiramus
972 3786 998 3837 Z
1085 3787 1118 3839 14
1135 3784 1235 3839 cncidit
1246 3785 1280 3839 K
1284 3786 1299 3848 ¹,
1316 3784 1437 3839 extendit
1455 3785 1482 3837 Z

373 3864 408 3920 15
425 3865 522 3920 referto
541 3867 568 3919 Ζ
737 3870 780 3922 eet
798 3869 872 3923 eliud
891 3870 917 3922 Ζ
1086 3872 1119 3925 16
1137 3873 1230 3924 neuter
1247 3874 1290 3924 est
1306 3886 1382 3925 sexus
1394 3869 1432 3934 K,
1450 3884 1513 3923 uen-

371 3952 430 4004 tere
446 3967 525 4005 suum
544 3968 638 4006 sennua
656 3953 689 4017 Z,
707 3955 796 4007 nentri
815 3970 892 4008 sexus
910 3958 951 4009 est
968 3972 986 4009 o
1114 3957 1147 4010 17
1165 3960 1207 4009 eat
1225 3956 1370 4025 uirginitas
1388 3941 1512 4010 solutum

372 4036 520 4106 triumplns
539 4038 565 4091 Ζ
644 4039 678 4091 18
695 4040 737 4092 est
754 4039 900 4108 uirginitas
918 4041 969 4095 etsi
988 4041 1013 4094 Z
1083 4044 1126 4094 est
1144 4055 1196 4095 err.
1214 4041 1242 4094 Z
1308 4041 1435 4094 contentu
1454 4040 1481 4092 Ζ

373 4121 408 4174 19
424 4122 472 4176 sed
489 4124 551 4193 non]
570 4124 615 4177 sed
633 4124 661 4177 Ζ
727 4123 764 4177 20
780 4128 822 4178 est
839 4129 931 4180 autern
949 4142 1001 4181 om.
1021 4127 1053 4190 Z,
1072 4129 1162 4180 antem
1181 4126 1253 4194 quod
1270 4130 1346 4180 estu
1419 4127 1452 4179 21
1471 4127 1514 4179 est

373 4207 483 4264 alinde
587 4210 687 4279 solnta]
706 4210 763 4264 sola
782 4211 808 4264 Ζ
