3720 4920
349 310 391 377 76
829 304 1009 378 appendia

347 466 393 524 die
408 466 585 538 pentecostes
601 465 768 538 superuenit
782 464 903 537 spiritus
917 468 1046 541 sanctus,
1063 466 1209 524 uoluntate
1222 465 1276 525 Dei
1292 465 1407 540 quidem
1424 481 1481 525 non

348 583 401 624 sua
415 570 516 638 sponte
532 567 609 625 caelo
626 567 735 639 lapsus,
753 566 804 624 sed
818 567 856 624 ad
871 567 924 624 hoc
939 564 1032 639 ipsum
1049 583 1151 625 munus
1166 567 1285 626 effusum
1302 568 1384 626 sedet
1399 583 1485 639 super

349 685 577 742 unumquemque
599 685 705 739 eorum,
723 686 787 727 cum
808 668 879 727 iusti
894 668 951 726 iam
967 669 1086 740 pridem,
1110 672 1142 727 ut
1163 668 1294 742 diximus,
1310 668 1484 742 baptismate

349 769 463 830 Domini
492 769 616 829 tuissent
642 770 793 844 baptizati,
821 770 895 829 sicut
915 772 944 829 et
963 770 1019 844 ipsi
1035 769 1166 844 apostoli,
1193 771 1243 843 qui
1267 774 1364 831 tamen
1385 786 1483 830 omnes

349 871 500 930 Dominum
525 876 606 931 nocte
628 889 685 944 qua
706 873 901 945 apprehensus
924 874 968 931 eet
991 873 1149 931 deseruisse
1170 872 1365 943 inueniuntur,
1390 874 1419 930 et
1433 870 1506 932 illes

349 971 410 1045 ipse
428 972 477 1045 qui
492 973 633 1046 gloriatus
648 976 695 1032 est
719 975 969 1045 perseueratumm
986 990 1017 1032 se
1033 973 1062 1031 in
1078 991 1131 1032 sua
1145 972 1199 1031 fide
1215 975 1321 1033 Petrus
1336 976 1366 1032 et
1380 973 1485 1033 adner-

349 1092 398 1134 sns
422 1074 513 1147 ipsius
536 1076 649 1135 Domini
672 1076 850 1149 praedictum
876 1075 1101 1135 obstinatissime
1127 1073 1312 1150 repugnauit,
1342 1079 1485 1150 postremo

350 1178 446 1234 tamen
472 1179 533 1236 tum
560 1177 654 1249 ipsum
670 1177 803 1249 negauit:
831 1179 864 1234 ut
885 1178 939 1235 bac
964 1177 1073 1236 ratione
1092 1178 1289 1236 ostenderetur
1308 1177 1392 1237 uobis
1412 1192 1485 1249 quae

271 1347 273 1352 A
350 1278 444 1336 medio
466 1280 592 1350 tempore
612 1293 725 1352 quoquo
750 1278 832 1336 modo
847 1278 1047 1337 contraxerant
1062 1277 1175 1349 delicta,
1198 1278 1298 1338 eadem
1314 1279 1384 1336 haec
1399 1278 1428 1336 in
1444 1277 1487 1336 eis

350 1379 406 1437 fide
429 1381 608 1451 postmodum
631 1380 743 1437 sincera
763 1394 815 1452 per
835 1379 979 1451 baptisma
1001 1380 1120 1452 spiritus
1140 1380 1233 1438 sancti
1254 1396 1311 1439 non
1326 1379 1409 1437 dubie
1424 1395 1522 1439 esseio

353 1479 480 1539 dimissa.
504 1497 555 1539 noe
578 1480 647 1549 ulla,
669 1483 702 1537 ut
723 1484 803 1552 puto,
826 1479 885 1538 alia
899 1496 934 1538 ex
948 1495 1035 1538 causa
1049 1478 1172 1553 apostoli
1186 1480 1234 1539 hie
1249 1497 1321 1552 quos
1335 1481 1366 1537 in
1382 1479 1488 1553 spiritu

350 1587 448 1643 saneto
470 1583 696 1654 adloquebantur
718 1583 925 1656 praeceperant
945 1583 978 1639 ut
993 1581 1023 1639 in
1045 1581 1157 1641 nomine
1179 1581 1287 1640 Christi
1310 1583 1376 1641 Iesu
1391 1583 1489 1656 bapti·

351 1688 492 1756 narentur,
513 1685 570 1743 niei
591 1684 659 1758 quia
683 1684 776 1744 uirtus
801 1683 925 1743 nominis
940 1683 1007 1742 Iesu
1022 1700 1106 1755 snper
1121 1699 1324 1756 quemcumque
1340 1683 1487 1743 hominurn

350 1786 522 1860 baptismate
551 1786 683 1843 inuocata
706 1785 743 1842 ad
764 1786 886 1844 salutem
906 1784 1117 1857 adsequendam
1138 1800 1194 1841 non
1216 1785 1355 1843 modicam
1371 1800 1489 1856 praero-

350 1885 477 1962 gatiuam
501 1888 527 1944 ei
548 1887 597 1960 qui
621 1886 814 1959 baptizaretur
836 1887 983 1959 praestaro
1008 1888 1115 1958 posset,
1136 1885 1221 1943 ucuti
1242 1886 1345 1944 Petrus
1368 1885 1399 1943 in
1415 1886 1521 1946 aetiam

351 1989 544 2063 apostolorum
570 1992 686 2047 enarrat
713 1988 827 2047 dicens:
862 2003 927 2046 nec
949 1987 1043 2045 enim
1065 1987 1168 2045 aliud
1190 1990 1247 2045 est
1274 2003 1401 2045 nomen
1423 1986 1488 2046 sub

352 2091 453 2151 caelo
476 2090 567 2163 quod
590 2090 713 2148 datum
736 2092 792 2148 est
814 2088 1047 2159 hominibus,
1079 2088 1116 2145 in
1145 2105 1210 2160 quo
1240 2090 1388 2161 oportet
1416 2088 1488 2146 sal·

351 2209 418 2252 uos
439 2191 455 2250 f
459 2191 527 2250 ieri
550 2173 625 2249 nosJ
647 2189 722 2249 siout
744 2191 831 2249 etiam
846 2189 991 2262 apostolus
1008 2189 1116 2248 Paulus
1132 2188 1225 2261 aperit
1239 2188 1403 2258 osteudens,
1420 2187 1489 2261 quia

352 2294 448 2353 Deus
486 2293 672 2352 exultauit
709 2292 805 2351 Iesum
841 2291 992 2351 Dominum
1021 2294 1149 2351 nostrum
1178 2293 1215 2349 et
1243 2290 1396 2349 donauit
1426 2289 1489 2348 iili

353 2412 477 2455 nomen
514 2395 556 2452 ad
586 2395 650 2453 hoc
680 2396 721 2452 ut
749 2395 800 2452 sit
828 2410 940 2466 super
976 2408 1074 2452 omne
1110 2408 1252 2463 nomen,
1290 2391 1394 2450 utin
1430 2407 1525 2451 no·ao

352 2497 445 2556 mine
480 2495 564 2555 Iesu
600 2511 721 2554 omnes
754 2511 873 2568 genua
911 2497 1065 2553 ouruent
1102 2489 1324 2553 caelestium
1353 2493 1389 2550 et
1418 2493 1491 2550 ter·

352 2597 525 2657 restrium
555 2600 590 2656 et
620 2596 869 2667 infernorum,
900 2599 935 2654 et
965 2596 1077 2654 omnis
1108 2594 1232 2667 lingua
1262 2592 1490 2653 confiteatur

353 2702 437 2775 quia
465 2701 635 2761 Dominus
667 2704 722 2762 est
751 2702 852 2761 Iesus
883 2700 918 2758 in
945 2700 1066 2774 gloria
1094 2700 1222 2773 patris,
1252 2704 1283 2759 et
1308 2699 1359 2758 ille
1381 2697 1412 2757 in
1435 2716 1491 2774 qno

352 2821 417 2864 cum
430 2804 627 2876 baptizaretur
642 2804 807 2863 inuocatum
818 2806 895 2862 esset
907 2804 937 2861 in
948 2803 1061 2862 nomine
1072 2803 1149 2872 Iesu,
1165 2802 1233 2861 licet
1243 2802 1274 2859 in
1288 2800 1385 2874 aliquo
1397 2816 1492 2860 errore

351 2908 581 2979 consequeretur,
604 2907 700 2964 tamen
715 2906 883 2978 quantoque
903 2921 960 2963 non
980 2904 1180 2979 prohiberetur
1199 2907 1310 2963 rectum
1339 2917 1440 2976 sapere
1454 2905 1521 2963 etas

353 3022 477 3066 errorem
499 3023 581 3065 snum
602 3006 744 3079 corrigere
768 3009 797 3065 et
817 3006 854 3064 ad
874 3004 1024 3065 ecclesiam
1043 3009 1074 3065 et
1094 3006 1130 3064 ed
1150 3005 1314 3079 episcopum
1342 3005 1439 3064 uenire
1461 3007 1491 3063 et

353 3107 504 3168 sinceriter
524 3107 655 3167 confiteri
676 3107 770 3167 Iesum
786 3110 915 3168 nostrum
931 3124 1025 3167 eoram
1042 3106 1213 3177 bominibus,
1239 3110 1273 3166 ιιι
1288 3111 1357 3166 tuno
1374 3123 1439 3166 cum
1453 3106 1490 3165 ab

353 3210 483 3287 episcopo
498 3211 525 3269 ei
539 3228 640 3269 manns
653 3211 857 3284 imponeretur,
874 3210 960 3269 etiam
976 3209 1111 3282 spiritum
1121 3211 1251 3269 sanctum
1264 3210 1419 3282 acciperet,
1439 3225 1491 3269 noc

353 3312 561 3372 inuocationem
583 3312 664 3371 illam
681 3311 835 3385 pristinam
859 3311 982 3371 nominis
1003 3311 1070 3372 Iesu
1089 3312 1243 3382 amitteret,
1269 3328 1358 3384 quam
1383 3310 1489 3369 nemini

352 3417 482 3474 nostrum
496 3413 565 3473 licet
581 3414 726 3485 damnare,
742 3431 830 3489 quum
843 3413 916 3473 haee
938 3414 1014 3473 nuda
1029 3417 1058 3472 et
1072 3412 1228 3488 singularis
1244 3413 1269 3472 si
1286 3413 1316 3471 in
1332 3428 1426 3472 errore
1441 3412 1481 3471 sit
1492 3426 1518 3467 ao

354 3516 511 3577 constituta
531 3534 587 3576 non
608 3520 706 3591 posset
729 3517 766 3574 ad
781 3517 905 3576 salutem
919 3517 1121 3589 praestandam
1134 3514 1275 3588 sufficere,
1291 3531 1327 3573 ne
1343 3516 1397 3573 hae
1412 3515 1483 3572 rati·

425 3752 458 3806 16
475 3751 535 3805 not.
553 3751 578 3814 4,
598 3752 639 3845 12.
746 3752 779 3804 19
798 3751 870 3804 Phib
889 3749 915 3813 2,
932 3751 1027 3804 9-11.

424 3921 557 3977 ieffneus
575 3923 646 3977 coni
665 3923 757 3976 erecto
775 3924 837 3990 qais
918 3921 1028 3990 3iusti}
1047 3921 1094 3975 isti
1112 3921 1181 3975 coni.
1201 3920 1262 3990 Ru.
1348 3919 1492 3973 bdomino

357 4009 418 4078 Rp.
592 4008 609 4061 8
627 4011 687 4061 tum
710 4008 809 4076 ipsum}
834 4023 895 4061 enm
918 4007 1001 4060 etiam
1019 4006 1164 4068 Boionius,
1182 4008 1224 4058 ter
1240 4005 1330 4073 ipsum
1347 4005 1419 4058 corti.
1439 4003 1488 4058 Ri-

355 4094 458 4164 9citius
537 4095 679 4162 9quoque
697 4093 763 4162 Rip.
844 4093 878 4146 10
894 4094 1028 4146 sincerat·
1046 4092 1107 4162 Rp.
1189 4090 1222 4144 12
1240 4090 1470 4159 praeceperant..

356 4178 557 4247 baptizarentur
576 4195 626 4233 om.
647 4177 708 4249 Rp.
816 4179 849 4232 16
867 4181 960 4232 narrat
978 4177 1040 4248 Rp.
1143 4176 1178 4230 30
1194 4175 1218 4229 si
1235 4192 1285 4229 con.
1305 4174 1366 4244 Re.
