<?xml version="1.0" encoding="UTF-8"?>
<!DOCTYPE html PUBLIC "-//W3C//DTD XHTML 1.0 Transitional//EN"
    "http://www.w3.org/TR/xhtml1/DTD/xhtml1-transitional.dtd">
<html xmlns="http://www.w3.org/1999/xhtml" xml:lang="en" lang="en">
 <head>
  <title>
</title>
<meta http-equiv="Content-Type" content="text/html;charset=utf-8" />
  <meta name='ocr-system' content='tesseract 3.04.00' />
  <meta name='ocr-capabilities' content='ocr_page ocr_carea ocr_par ocr_line ocrx_word'/>
</head>
<body>
  <div class='ocr_page' id='page_1' title='image "./sthascicaecilic00cyprgoog_0289.png"; bbox 0 0 3720 4920; ppageno 0'>
   <div class='ocr_carea' id='block_1_1' title="bbox 389 329 1044 398">
    <p class='ocr_par' dir='ltr' id='par_1_1' title="bbox 389 329 1044 398">
     <span class='ocr_line' id='line_1_1' title="bbox 389 329 1044 398; baseline -0.002 -15"><span class='ocrx_word' id='word_1_1' title='bbox 389 334 447 396; x_wconf 82' lang='grc'>158</span> <span class='ocrx_word' id='word_1_2' title='bbox 860 329 1044 398; x_wconf 71' lang='lat' dir='ltr'>dupondii.</span> 
     </span>
    </p>
   </div>
   <div class='ocr_carea' id='block_1_2' title="bbox 380 488 1548 1686">
    <p class='ocr_par' dir='ltr' id='par_1_2' title="bbox 380 488 1548 1686">
     <span class='ocr_line' id='line_1_2' title="bbox 384 488 1517 561; baseline 0.001 -17"><span class='ocrx_word' id='word_1_3' title='bbox 384 488 459 544; x_wconf 91' lang='lat' dir='ltr'>nime</span> <span class='ocrx_word' id='word_1_4' title='bbox 474 503 557 561; x_wconf 86' lang='lat' dir='ltr'>posse</span> <span class='ocrx_word' id='word_1_5' title='bbox 572 505 628 548; x_wconf 92' lang='lat' dir='ltr'>non</span> <span class='ocrx_word' id='word_1_6' title='bbox 644 489 802 548; x_wconf 88' lang='lat' dir='ltr'>dubitatur.</span> <span class='ocrx_word' id='word_1_7' title='bbox 832 489 994 548; x_wconf 82' lang='lat' dir='ltr'>sicutenim</span> <span class='ocrx_word' id='word_1_8' title='bbox 1019 489 1166 548; x_wconf 89' lang='lat' dir='ltr'>inimicum</span> <span class='ocrx_word' id='word_1_9' title='bbox 1186 504 1251 547; x_wconf 87' lang='lat' dir='ltr'>esso</span> <span class='ocrx_word' id='word_1_10' title='bbox 1266 488 1443 561; x_wconf 80' lang='lat' dir='ltr'>diligendum</span> <span class='ocrx_word' id='word_1_11' title='bbox 1460 489 1517 545; x_wconf 87' lang='lat' dir='ltr'>Do-</span> 
     </span>
     <span class='ocr_line' id='line_1_3' title="bbox 385 587 1515 664; baseline 0.003 -19"><span class='ocrx_word' id='word_1_12' title='bbox 385 587 481 647; x_wconf 81' lang='lat' dir='ltr'>minus</span> <span class='ocrx_word' id='word_1_13' title='bbox 496 589 626 663; x_wconf 88' lang='lat' dir='ltr'>imperat,</span> <span class='ocrx_word' id='word_1_14' title='bbox 643 593 675 649; x_wconf 92' lang='lat' dir='ltr'>ut</span> <span class='ocrx_word' id='word_1_15' title='bbox 690 590 741 649; x_wconf 85' lang='lat' dir='ltr'>illa</span> <span class='ocrx_word' id='word_1_16' title='bbox 757 591 872 651; x_wconf 88' lang='lat' dir='ltr'>dileetio</span> <span class='ocrx_word' id='word_1_17' title='bbox 887 591 1007 650; x_wconf 83' lang='lat' dir='ltr'>amicum</span> <span class='ocrx_word' id='word_1_18' title='bbox 1025 590 1105 649; x_wconf 86' lang='lat' dir='ltr'>illum</span> <span class='ocrx_word' id='word_1_19' title='bbox 1120 607 1155 649; x_wconf 82' lang='lat' dir='ltr'>ex</span> <span class='ocrx_word' id='word_1_20' title='bbox 1170 589 1286 650; x_wconf 90' lang='lat' dir='ltr'>inimico</span> <span class='ocrx_word' id='word_1_21' title='bbox 1302 589 1419 648; x_wconf 80' lang='lat' dir='ltr'>efficiat.</span> <span class='ocrx_word' id='word_1_22' title='bbox 1436 592 1515 664; x_wconf 90' lang='lat' dir='ltr'>quis·</span> 
     </span>
     <span class='ocr_line' id='line_1_4' title="bbox 383 691 1515 767; baseline 0.003 -19"><span class='ocrx_word' id='word_1_23' title='bbox 383 708 438 764; x_wconf 90' lang='lat' dir='ltr'>quo</span> <span class='ocrx_word' id='word_1_24' title='bbox 454 708 522 765; x_wconf 80' lang='lat' dir='ltr'>orgo</span> <span class='ocrx_word' id='word_1_25' title='bbox 537 692 618 752; x_wconf 89' lang='lat' dir='ltr'>diues</span> <span class='ocrx_word' id='word_1_26' title='bbox 633 693 752 767; x_wconf 84' lang='lat' dir='ltr'>cupidus</span> <span class='ocrx_word' id='word_1_27' title='bbox 767 693 792 752; x_wconf 91' lang='lat' dir='ltr'>si</span> <span class='ocrx_word' id='word_1_28' title='bbox 813 694 877 752; x_wconf 88' lang='lat' dir='ltr'>uult</span> <span class='ocrx_word' id='word_1_29' title='bbox 891 697 1024 753; x_wconf 84' lang='lat' dir='ltr'>aeternas</span> <span class='ocrx_word' id='word_1_30' title='bbox 1038 693 1143 753; x_wconf 85' lang='lat' dir='ltr'>habere</span> <span class='ocrx_word' id='word_1_31' title='bbox 1158 692 1293 762; x_wconf 88' lang='lat' dir='ltr'>diuitias,</span> <span class='ocrx_word' id='word_1_32' title='bbox 1319 691 1515 751; x_wconf 89' lang='lat' dir='ltr'>distribuendo</span> 
     </span>
     <span class='ocr_line' id='line_1_5' title="bbox 381 793 1508 868; baseline 0 -18"><span class='ocrx_word' id='word_1_33' title='bbox 381 793 482 866; x_wconf 79' lang='lat' dir='ltr'>egenis</span> <span class='ocrx_word' id='word_1_34' title='bbox 497 794 598 866; x_wconf 80' lang='lat' dir='ltr'>perdat</span> <span class='ocrx_word' id='word_1_35' title='bbox 612 795 726 854; x_wconf 80' lang='lat' dir='ltr'><strong>interim</strong></span> <span class='ocrx_word' id='word_1_36' title='bbox 742 812 796 853; x_wconf 90' lang='lat' dir='ltr'>non</span> <span class='ocrx_word' id='word_1_37' title='bbox 814 812 971 856; x_wconf 84' lang='lat' dir='ltr'>mansuras.</span> <span class='ocrx_word' id='word_1_38' title='bbox 995 793 1021 855; x_wconf 92' lang='lat' dir='ltr'>si</span> <span class='ocrx_word' id='word_1_39' title='bbox 1036 795 1112 854; x_wconf 89' lang='lat' dir='ltr'>enim</span> <span class='ocrx_word' id='word_1_40' title='bbox 1126 795 1201 868; x_wconf 92' lang='lat' dir='ltr'>quod</span> <span class='ocrx_word' id='word_1_41' title='bbox 1217 793 1314 868; x_wconf 80' lang='lat' dir='ltr'>diligit</span> <span class='ocrx_word' id='word_1_42' title='bbox 1329 812 1385 854; x_wconf 92' lang='lat' dir='ltr'>non</span> <span class='ocrx_word' id='word_1_43' title='bbox 1401 795 1508 862; x_wconf 87' lang='lat' dir='ltr'>uendit,</span> 
     </span>
     <span class='ocr_line' id='line_1_6' title="bbox 382 896 1534 972; baseline 0.003 -21"><span class='ocrx_word' id='word_1_44' title='bbox 382 911 463 956; x_wconf 88' lang='lat' dir='ltr'>nemo</span> <span class='ocrx_word' id='word_1_45' title='bbox 484 911 577 955; x_wconf 89' lang='lat' dir='ltr'>emere</span> <span class='ocrx_word' id='word_1_46' title='bbox 591 899 697 970; x_wconf 85' lang='lat' dir='ltr'>poterit</span> <span class='ocrx_word' id='word_1_47' title='bbox 721 899 796 972; x_wconf 90' lang='lat' dir='ltr'>quod</span> <span class='ocrx_word' id='word_1_48' title='bbox 810 897 898 972; x_wconf 88' lang='lat' dir='ltr'>cupit.</span> <span class='ocrx_word' id='word_1_49' title='bbox 925 899 1004 956; x_wconf 84' lang='lat' dir='ltr'>aueri</span> <span class='ocrx_word' id='word_1_50' title='bbox 1025 915 1145 972; x_wconf 89' lang='lat' dir='ltr'>namque</span> <span class='ocrx_word' id='word_1_51' title='bbox 1172 898 1235 956; x_wconf 89' lang='lat' dir='ltr'>ideo</span> <span class='ocrx_word' id='word_1_52' title='bbox 1251 897 1281 956; x_wconf 93' lang='lat' dir='ltr'>in</span> <span class='ocrx_word' id='word_1_53' title='bbox 1297 896 1401 958; x_wconf 89' lang='lat' dir='ltr'>iudicio</span> <span class='ocrx_word' id='word_1_54' title='bbox 1416 914 1434 956; x_wconf 88' lang='lat' dir='ltr'>a</span> <span class='ocrx_word' id='word_1_55' title='bbox 1448 915 1506 958; x_wconf 89' lang='lat' dir='ltr'>reo·</span> <span class='ocrx_word' id='word_1_56' title='bbox 1522 918 1534 955; x_wconf 79' lang='lat' dir='ltr'>s</span> 
     </span>
     <span class='ocr_line' id='line_1_7' title="bbox 380 997 1506 1074; baseline 0.004 -20"><span class='ocrx_word' id='word_1_57' title='bbox 380 997 493 1057; x_wconf 90' lang='lat' dir='ltr'>tissimo</span> <span class='ocrx_word' id='word_1_58' title='bbox 507 998 599 1060; x_wconf 88' lang='lat' dir='ltr'>iudice</span> <span class='ocrx_word' id='word_1_59' title='bbox 614 1004 812 1074; x_wconf 79' lang='lat' dir='ltr'>nuncupantur</span> <span class='ocrx_word' id='word_1_60' title='bbox 824 1000 977 1072; x_wconf 83' lang='lat' dir='ltr'>maledicti,</span> <span class='ocrx_word' id='word_1_61' title='bbox 993 1001 1060 1074; x_wconf 89' lang='lat' dir='ltr'>quia</span> <span class='ocrx_word' id='word_1_62' title='bbox 1071 1001 1120 1074; x_wconf 93' lang='lat' dir='ltr'>qui</span> <span class='ocrx_word' id='word_1_63' title='bbox 1132 1001 1327 1073; x_wconf 81' lang='lat' dir='ltr'>praeteribant</span> <span class='ocrx_word' id='word_1_64' title='bbox 1342 1017 1439 1059; x_wconf 88' lang='lat' dir='ltr'>eorum</span> <span class='ocrx_word' id='word_1_65' title='bbox 1455 1001 1506 1060; x_wconf 85' lang='lat' dir='ltr'>bs-</span> 
     </span>
     <span class='ocr_line' id='line_1_8' title="bbox 381 1099 1513 1175; baseline 0.004 -18"><span class='ocrx_word' id='word_1_66' title='bbox 381 1099 578 1171; x_wconf 81' lang='lat' dir='ltr'>bitaculanon</span> <span class='ocrx_word' id='word_1_67' title='bbox 594 1103 742 1162; x_wconf 84' lang='lat' dir='ltr'>dicebaut:</span> <span class='ocrx_word' id='word_1_68' title='bbox 767 1103 982 1162; x_wconf 74' lang='lat' dir='ltr'>benedictio</span> <span class='ocrx_word' id='word_1_69' title='bbox 1004 1101 1146 1160; x_wconf 86' lang='lat' dir='ltr'>Domini</span> <span class='ocrx_word' id='word_1_70' title='bbox 1170 1118 1382 1175; x_wconf 81' lang='lat' dir='ltr'>supernos,</span> <span class='ocrx_word' id='word_1_71' title='bbox 1405 1102 1513 1162; x_wconf 90' lang='lat' dir='ltr'>bene·</span> 
     </span>
     <span class='ocr_line' id='line_1_9' title="bbox 381 1201 1510 1279; baseline 0.007 -22"><span class='ocrx_word' id='word_1_72' title='bbox 381 1201 542 1262; x_wconf 86' lang='lat' dir='ltr'>diximus</span> <span class='ocrx_word' id='word_1_73' title='bbox 565 1205 671 1264; x_wconf 93' lang='lat' dir='ltr'>uobis</span> <span class='ocrx_word' id='word_1_74' title='bbox 694 1207 728 1264; x_wconf 89' lang='lat' dir='ltr'>in</span> <span class='ocrx_word' id='word_1_75' title='bbox 751 1204 890 1264; x_wconf 91' lang='lat' dir='ltr'>nomine</span> <span class='ocrx_word' id='word_1_76' title='bbox 911 1205 1065 1264; x_wconf 86' lang='lat' dir='ltr'>Domini.</span> <span class='ocrx_word' id='word_1_77' title='bbox 1100 1204 1230 1263; x_wconf 83' lang='lat' dir='ltr'>infelices</span> <span class='ocrx_word' id='word_1_78' title='bbox 1256 1221 1323 1279; x_wconf 78' lang='lat' dir='ltr'>ergo</span> <span class='ocrx_word' id='word_1_79' title='bbox 1345 1208 1413 1265; x_wconf 85' lang='lat' dir='ltr'>sunt</span> <span class='ocrx_word' id='word_1_80' title='bbox 1429 1207 1510 1265; x_wconf 80' lang='lat' dir='ltr'>suari</span> 
     </span>
     <span class='ocr_line' id='line_1_10' title="bbox 380 1301 1509 1381; baseline 0.008 -23"><span class='ocrx_word' id='word_1_81' title='bbox 380 1301 486 1364; x_wconf 86' lang='lat' dir='ltr'>diuites</span> <span class='ocrx_word' id='word_1_82' title='bbox 501 1306 550 1380; x_wconf 91' lang='lat' dir='ltr'>qui</span> <span class='ocrx_word' id='word_1_83' title='bbox 565 1313 680 1381; x_wconf 86' lang='lat' dir='ltr'>propter</span> <span class='ocrx_word' id='word_1_84' title='bbox 696 1323 741 1366; x_wconf 89' lang='lat' dir='ltr'>res</span> <span class='ocrx_word' id='word_1_85' title='bbox 756 1307 937 1367; x_wconf 85' lang='lat' dir='ltr'>transitorias</span> <span class='ocrx_word' id='word_1_86' title='bbox 953 1307 981 1365; x_wconf 93' lang='lat' dir='ltr'>in</span> <span class='ocrx_word' id='word_1_87' title='bbox 993 1310 1136 1367; x_wconf 87' lang='lat' dir='ltr'>aeternam</span> <span class='ocrx_word' id='word_1_88' title='bbox 1152 1308 1362 1368; x_wconf 87' lang='lat' dir='ltr'>damnationem</span> <span class='ocrx_word' id='word_1_89' title='bbox 1372 1308 1509 1368; x_wconf 86' lang='lat' dir='ltr'>dilabun-</span> 
     </span>
     <span class='ocr_line' id='line_1_11' title="bbox 381 1409 1548 1485; baseline 0.003 -21"><span class='ocrx_word' id='word_1_90' title='bbox 381 1409 444 1481; x_wconf 89' lang='lat' dir='ltr'>tur,</span> <span class='ocrx_word' id='word_1_91' title='bbox 460 1411 677 1470; x_wconf 84' lang='lat' dir='ltr'>etecontrsrio</span> <span class='ocrx_word' id='word_1_92' title='bbox 700 1411 802 1469; x_wconf 86' lang='lat' dir='ltr'>besti</span> <span class='ocrx_word' id='word_1_93' title='bbox 825 1414 910 1469; x_wconf 92' lang='lat' dir='ltr'>sunt</span> <span class='ocrx_word' id='word_1_94' title='bbox 932 1411 1210 1482; x_wconf 78' lang='lat' dir='ltr'>misericordes,</span> <span class='ocrx_word' id='word_1_95' title='bbox 1246 1411 1416 1484; x_wconf 84' lang='lat' dir='ltr'>quoniam</span> <span class='ocrx_word' id='word_1_96' title='bbox 1437 1412 1548 1485; x_wconf 84' lang='lat' dir='ltr'>ipsiio</span> 
     </span>
     <span class='ocr_line' id='line_1_12' title="bbox 381 1511 1513 1586; baseline 0.003 -17"><span class='ocrx_word' id='word_1_97' title='bbox 381 1511 677 1571; x_wconf 86' lang='lat' dir='ltr'>misericordiam</span> <span class='ocrx_word' id='word_1_98' title='bbox 699 1515 982 1586; x_wconf 80' lang='lat' dir='ltr'>consequentur.</span> <span class='ocrx_word' id='word_1_99' title='bbox 997 1511 1068 1572; x_wconf 85' lang='lat' dir='ltr'>felix</span> <span class='ocrx_word' id='word_1_100' title='bbox 1083 1514 1128 1573; x_wconf 88' lang='lat' dir='ltr'>est</span> <span class='ocrx_word' id='word_1_101' title='bbox 1143 1511 1314 1583; x_wconf 86' lang='lat' dir='ltr'>misericors,</span> <span class='ocrx_word' id='word_1_102' title='bbox 1331 1512 1397 1570; x_wconf 90' lang='lat' dir='ltr'>durn</span> <span class='ocrx_word' id='word_1_103' title='bbox 1412 1513 1443 1571; x_wconf 91' lang='lat' dir='ltr'>iu</span> <span class='ocrx_word' id='word_1_104' title='bbox 1459 1513 1513 1572; x_wconf 83' lang='lat' dir='ltr'>bac</span> 
     </span>
     <span class='ocr_line' id='line_1_13' title="bbox 380 1612 1221 1686; baseline 0.002 -15"><span class='ocrx_word' id='word_1_105' title='bbox 380 1612 488 1672; x_wconf 87' lang='lat' dir='ltr'>uirtute</span> <span class='ocrx_word' id='word_1_106' title='bbox 503 1630 558 1672; x_wconf 90' lang='lat' dir='ltr'>non</span> <span class='ocrx_word' id='word_1_107' title='bbox 580 1613 769 1673; x_wconf 84' lang='lat' dir='ltr'>substantiam</span> <span class='ocrx_word' id='word_1_108' title='bbox 786 1614 838 1673; x_wconf 89' lang='lat' dir='ltr'>sed</span> <span class='ocrx_word' id='word_1_109' title='bbox 852 1615 985 1673; x_wconf 78' lang='lat' dir='ltr'>affectum</span> <span class='ocrx_word' id='word_1_110' title='bbox 1000 1614 1077 1673; x_wconf 92' lang='lat' dir='ltr'>Deus</span> <span class='ocrx_word' id='word_1_111' title='bbox 1092 1613 1221 1686; x_wconf 87' lang='lat' dir='ltr'>requirit.</span> 
     </span>
    </p>
   </div>
   <div class='ocr_carea' id='block_1_3' title="bbox 704 1797 1192 1858">
    <p class='ocr_par' dir='ltr' id='par_1_3' title="bbox 704 1797 1192 1858">
     <span class='ocr_line' id='line_1_14' title="bbox 704 1797 1192 1858; baseline 0.006 -3"><span class='ocrx_word' id='word_1_112' title='bbox 704 1797 851 1856; x_wconf 66' lang='lat' dir='ltr'>Funssren</span> <span class='ocrx_word' id='word_1_113' title='bbox 874 1799 962 1857; x_wconf 82' lang='lat' dir='ltr'>SINE</span> <span class='ocrx_word' id='word_1_114' title='bbox 985 1797 1192 1858; x_wconf 78' lang='lat' dir='ltr'>PVDICITIA.</span> 
     </span>
    </p>
   </div>
   <div class='ocr_carea' id='block_1_4' title="bbox 348 1935 1546 2416">
    <p class='ocr_par' dir='ltr' id='par_1_4' title="bbox 348 1935 1546 2416">
     <span class='ocr_line' id='line_1_15' title="bbox 348 1935 1512 2009; baseline 0.001 -18"><span class='ocrx_word' id='word_1_115' title='bbox 348 1940 369 1999; x_wconf 79' lang='lat'>5</span> <span class='ocrx_word' id='word_1_116' title='bbox 423 1935 545 2004; x_wconf 81' lang='lat' dir='ltr'>Quintus</span> <span class='ocrx_word' id='word_1_117' title='bbox 560 1935 705 1995; x_wconf 82' lang='lat' dir='ltr'>abusionis</span> <span class='ocrx_word' id='word_1_118' title='bbox 719 1938 825 2009; x_wconf 80' lang='lat' dir='ltr'>gradus</span> <span class='ocrx_word' id='word_1_119' title='bbox 841 1939 886 1995; x_wconf 88' lang='lat' dir='ltr'>est</span> <span class='ocrx_word' id='word_1_120' title='bbox 901 1936 1006 1995; x_wconf 82' lang='lat' dir='ltr'>femina</span> <span class='ocrx_word' id='word_1_121' title='bbox 1021 1935 1083 1994; x_wconf 89' lang='lat' dir='ltr'>sine</span> <span class='ocrx_word' id='word_1_122' title='bbox 1098 1935 1245 2008; x_wconf 87' lang='lat' dir='ltr'>pudicitia.</span> <span class='ocrx_word' id='word_1_123' title='bbox 1271 1935 1345 1994; x_wconf 87' lang='lat' dir='ltr'>sicut</span> <span class='ocrx_word' id='word_1_124' title='bbox 1360 1935 1436 1994; x_wconf 89' lang='lat' dir='ltr'>enim</span> <span class='ocrx_word' id='word_1_125' title='bbox 1452 1953 1512 1994; x_wconf 83' lang='lat' dir='ltr'>oni·</span> 
     </span>
     <span class='ocr_line' id='line_1_16' title="bbox 381 2036 1546 2111; baseline -0.004 -18"><span class='ocrx_word' id='word_1_126' title='bbox 381 2053 433 2095; x_wconf 88' lang='lat' dir='ltr'>nes</span> <span class='ocrx_word' id='word_1_127' title='bbox 448 2052 541 2095; x_wconf 90' lang='lat' dir='ltr'>mores</span> <span class='ocrx_word' id='word_1_128' title='bbox 557 2040 645 2097; x_wconf 85' lang='lat' dir='ltr'>bonos</span> <span class='ocrx_word' id='word_1_129' title='bbox 660 2041 792 2111; x_wconf 86' lang='lat' dir='ltr'>procurat</span> <span class='ocrx_word' id='word_1_130' title='bbox 807 2041 837 2096; x_wconf 90' lang='lat' dir='ltr'>et</span> <span class='ocrx_word' id='word_1_131' title='bbox 852 2037 977 2097; x_wconf 87' lang='lat' dir='ltr'>custodit</span> <span class='ocrx_word' id='word_1_132' title='bbox 992 2040 1021 2095; x_wconf 90' lang='lat' dir='ltr'>in</span> <span class='ocrx_word' id='word_1_133' title='bbox 1037 2038 1108 2095; x_wconf 88' lang='lat' dir='ltr'>uiris</span> <span class='ocrx_word' id='word_1_134' title='bbox 1120 2038 1281 2110; x_wconf 83' lang='lat' dir='ltr'>prudentis,</span> <span class='ocrx_word' id='word_1_135' title='bbox 1297 2038 1339 2095; x_wconf 89' lang='lat' dir='ltr'>sio</span> <span class='ocrx_word' id='word_1_136' title='bbox 1354 2038 1383 2094; x_wconf 89' lang='lat' dir='ltr'>iu</span> <span class='ocrx_word' id='word_1_137' title='bbox 1396 2036 1509 2095; x_wconf 83' lang='lat' dir='ltr'>seminis</span> <span class='ocrx_word' id='word_1_138' title='bbox 1522 2053 1546 2089; x_wconf 78' lang='lat' dir='ltr'>a</span> 
     </span>
     <span class='ocr_line' id='line_1_17' title="bbox 379 2138 1512 2211; baseline 0.001 -17"><span class='ocrx_word' id='word_1_139' title='bbox 379 2140 498 2197; x_wconf 89' lang='lat' dir='ltr'>cunctos</span> <span class='ocrx_word' id='word_1_140' title='bbox 513 2139 648 2197; x_wconf 90' lang='lat' dir='ltr'>honestos</span> <span class='ocrx_word' id='word_1_141' title='bbox 674 2143 755 2198; x_wconf 88' lang='lat' dir='ltr'>actus</span> <span class='ocrx_word' id='word_1_142' title='bbox 777 2140 868 2198; x_wconf 90' lang='lat' dir='ltr'>nutrit</span> <span class='ocrx_word' id='word_1_143' title='bbox 892 2143 921 2197; x_wconf 90' lang='lat' dir='ltr'>ot</span> <span class='ocrx_word' id='word_1_144' title='bbox 943 2138 1022 2198; x_wconf 83' lang='lat' dir='ltr'>fouet</span> <span class='ocrx_word' id='word_1_145' title='bbox 1049 2141 1079 2197; x_wconf 92' lang='lat' dir='ltr'>et</span> <span class='ocrx_word' id='word_1_146' title='bbox 1100 2139 1186 2198; x_wconf 85' lang='lat' dir='ltr'>hebet</span> <span class='ocrx_word' id='word_1_147' title='bbox 1202 2139 1347 2211; x_wconf 82' lang='lat' dir='ltr'>pudicitia.</span> <span class='ocrx_word' id='word_1_148' title='bbox 1375 2139 1512 2211; x_wconf 87' lang='lat' dir='ltr'>pudicitia</span> 
     </span>
     <span class='ocr_line' id='line_1_18' title="bbox 380 2239 1511 2313; baseline 0.002 -17"><span class='ocrx_word' id='word_1_149' title='bbox 380 2255 502 2312; x_wconf 89' lang='lat' dir='ltr'>namque</span> <span class='ocrx_word' id='word_1_150' title='bbox 527 2239 690 2299; x_wconf 78' lang='lat' dir='ltr'>castitatem</span> <span class='ocrx_word' id='word_1_151' title='bbox 717 2241 854 2313; x_wconf 87' lang='lat' dir='ltr'>custodit,</span> <span class='ocrx_word' id='word_1_152' title='bbox 881 2241 1032 2300; x_wconf 86' lang='lat' dir='ltr'>auaritiam</span> <span class='ocrx_word' id='word_1_153' title='bbox 1057 2241 1192 2312; x_wconf 82' lang='lat' dir='ltr'>refrenat,</span> <span class='ocrx_word' id='word_1_154' title='bbox 1219 2240 1286 2300; x_wconf 88' lang='lat' dir='ltr'>lites</span> <span class='ocrx_word' id='word_1_155' title='bbox 1303 2240 1427 2312; x_wconf 87' lang='lat' dir='ltr'>deuitat,</span> <span class='ocrx_word' id='word_1_156' title='bbox 1454 2241 1511 2299; x_wconf 81' lang='lat' dir='ltr'>iras</span> 
     </span>
     <span class='ocr_line' id='line_1_19' title="bbox 380 2341 1510 2416; baseline -0.001 -17"><span class='ocrx_word' id='word_1_157' title='bbox 380 2342 512 2413; x_wconf 79' lang='lat' dir='ltr'>mitigat,</span> <span class='ocrx_word' id='word_1_158' title='bbox 552 2341 701 2401; x_wconf 90' lang='lat' dir='ltr'>libidinem</span> <span class='ocrx_word' id='word_1_159' title='bbox 740 2346 875 2415; x_wconf 85' lang='lat' dir='ltr'>occupat,</span> <span class='ocrx_word' id='word_1_160' title='bbox 922 2342 1108 2416; x_wconf 82' lang='lat' dir='ltr'>cupiditatem</span> <span class='ocrx_word' id='word_1_161' title='bbox 1156 2345 1313 2416; x_wconf 82' lang='lat' dir='ltr'>temperat,</span> <span class='ocrx_word' id='word_1_162' title='bbox 1361 2343 1510 2401; x_wconf 84' lang='lat' dir='ltr'>lasciuiam</span> 
     </span>
    </p>
   </div>
   <div class='ocr_carea' id='block_1_5' title="bbox 378 2441 1545 2922">
    <p class='ocr_par' dir='ltr' id='par_1_5' title="bbox 378 2441 1545 2922">
     <span class='ocr_line' id='line_1_20' title="bbox 380 2441 1508 2517; baseline 0.002 -19"><span class='ocrx_word' id='word_1_163' title='bbox 380 2441 519 2515; x_wconf 83' lang='lat' dir='ltr'>castigat,</span> <span class='ocrx_word' id='word_1_164' title='bbox 557 2443 724 2502; x_wconf 87' lang='lat' dir='ltr'>ebrietatem</span> <span class='ocrx_word' id='word_1_165' title='bbox 756 2449 853 2515; x_wconf 85' lang='lat' dir='ltr'>canet,</span> <span class='ocrx_word' id='word_1_166' title='bbox 885 2446 972 2503; x_wconf 84' lang='lat' dir='ltr'>uerba</span> <span class='ocrx_word' id='word_1_167' title='bbox 1009 2462 1065 2502; x_wconf 93' lang='lat' dir='ltr'>non</span> <span class='ocrx_word' id='word_1_168' title='bbox 1102 2443 1291 2516; x_wconf 87' lang='lat' dir='ltr'>multiplicat,</span> <span class='ocrx_word' id='word_1_169' title='bbox 1328 2443 1412 2517; x_wconf 76' lang='lat' dir='ltr'>gulae</span> <span class='ocrx_word' id='word_1_170' title='bbox 1442 2460 1508 2501; x_wconf 93' lang='lat' dir='ltr'>con·</span> 
     </span>
     <span class='ocr_line' id='line_1_21' title="bbox 379 2534 1545 2620; baseline 0.002 -20"><span class='ocrx_word' id='word_1_171' title='bbox 379 2534 569 2616; x_wconf 80' lang='lat' dir='ltr'>cupiscentias</span> <span class='ocrx_word' id='word_1_172' title='bbox 612 2549 783 2620; x_wconf 82' lang='lat' dir='ltr'>propurgat.</span> <span class='ocrx_word' id='word_1_173' title='bbox 828 2545 936 2605; x_wconf 87' lang='lat' dir='ltr'>furtum</span> <span class='ocrx_word' id='word_1_174' title='bbox 974 2544 1086 2605; x_wconf 90' lang='lat' dir='ltr'>omnino</span> <span class='ocrx_word' id='word_1_175' title='bbox 1130 2546 1253 2605; x_wconf 86' lang='lat' dir='ltr'>damnat.</span> <span class='ocrx_word' id='word_1_176' title='bbox 1299 2545 1369 2620; x_wconf 92' lang='lat' dir='ltr'>quid</span> <span class='ocrx_word' id='word_1_177' title='bbox 1405 2546 1545 2618; x_wconf 68' lang='lat' dir='ltr'>ploratio</span> 
     </span>
     <span class='ocr_line' id='line_1_22' title="bbox 380 2645 1510 2720; baseline 0 -18"><span class='ocrx_word' id='word_1_178' title='bbox 380 2645 476 2703; x_wconf 86' lang='lat' dir='ltr'>omnia</span> <span class='ocrx_word' id='word_1_179' title='bbox 506 2646 578 2704; x_wconf 90' lang='lat' dir='ltr'>uitia</span> <span class='ocrx_word' id='word_1_180' title='bbox 593 2648 744 2720; x_wconf 78' lang='lat' dir='ltr'>restringit</span> <span class='ocrx_word' id='word_1_181' title='bbox 769 2652 798 2705; x_wconf 90' lang='lat' dir='ltr'>et</span> <span class='ocrx_word' id='word_1_182' title='bbox 814 2666 909 2707; x_wconf 89' lang='lat' dir='ltr'>omnes</span> <span class='ocrx_word' id='word_1_183' title='bbox 934 2647 1057 2705; x_wconf 87' lang='lat' dir='ltr'>uirtutes</span> <span class='ocrx_word' id='word_1_184' title='bbox 1078 2651 1108 2706; x_wconf 92' lang='lat' dir='ltr'>et</span> <span class='ocrx_word' id='word_1_185' title='bbox 1128 2648 1262 2720; x_wconf 92' lang='lat' dir='ltr'>quicquid</span> <span class='ocrx_word' id='word_1_186' title='bbox 1283 2664 1377 2705; x_wconf 86' lang='lat' dir='ltr'>coram</span> <span class='ocrx_word' id='word_1_187' title='bbox 1401 2647 1459 2705; x_wconf 93' lang='lat' dir='ltr'>Dco</span> <span class='ocrx_word' id='word_1_188' title='bbox 1481 2651 1510 2705; x_wconf 93' lang='lat' dir='ltr'>et</span> 
     </span>
     <span class='ocr_line' id='line_1_23' title="bbox 378 2746 1506 2821; baseline 0 -18"><span class='ocrx_word' id='word_1_189' title='bbox 378 2746 541 2805; x_wconf 89' lang='lat' dir='ltr'>bominibus</span> <span class='ocrx_word' id='word_1_190' title='bbox 563 2747 644 2807; x_wconf 87' lang='lat' dir='ltr'>bouis</span> <span class='ocrx_word' id='word_1_191' title='bbox 670 2749 812 2807; x_wconf 86' lang='lat' dir='ltr'>laudabile</span> <span class='ocrx_word' id='word_1_192' title='bbox 827 2749 872 2806; x_wconf 90' lang='lat' dir='ltr'>est</span> <span class='ocrx_word' id='word_1_193' title='bbox 898 2748 999 2805; x_wconf 87' lang='lat' dir='ltr'>nutrit.</span> <span class='ocrx_word' id='word_1_194' title='bbox 1032 2747 1165 2821; x_wconf 90' lang='lat' dir='ltr'>inpudica</span> <span class='ocrx_word' id='word_1_195' title='bbox 1186 2747 1249 2806; x_wconf 91' lang='lat' dir='ltr'>uita</span> <span class='ocrx_word' id='word_1_196' title='bbox 1264 2763 1317 2804; x_wconf 88' lang='lat' dir='ltr'>nec</span> <span class='ocrx_word' id='word_1_197' title='bbox 1343 2746 1455 2805; x_wconf 82' lang='lat' dir='ltr'>laudem</span> <span class='ocrx_word' id='word_1_198' title='bbox 1471 2747 1506 2803; x_wconf 87' lang='lat' dir='ltr'>ab</span> 
     </span>
     <span class='ocr_line' id='line_1_24' title="bbox 378 2847 1507 2922; baseline -0.003 -15"><span class='ocrx_word' id='word_1_199' title='bbox 378 2847 541 2907; x_wconf 86' lang='lat' dir='ltr'>hominibus</span> <span class='ocrx_word' id='word_1_200' title='bbox 558 2850 586 2906; x_wconf 90' lang='lat' dir='ltr'>in</span> <span class='ocrx_word' id='word_1_201' title='bbox 602 2852 744 2922; x_wconf 85' lang='lat' dir='ltr'>praesenti</span> <span class='ocrx_word' id='word_1_202' title='bbox 760 2850 873 2909; x_wconf 86' lang='lat' dir='ltr'>saeculo</span> <span class='ocrx_word' id='word_1_203' title='bbox 889 2867 941 2908; x_wconf 91' lang='lat' dir='ltr'>nec</span> <span class='ocrx_word' id='word_1_204' title='bbox 957 2852 1212 2908; x_wconf 81' lang='lat' dir='ltr'>remunerationem</span> <span class='ocrx_word' id='word_1_205' title='bbox 1228 2866 1245 2906; x_wconf 85' lang='lat' dir='ltr'>a</span> <span class='ocrx_word' id='word_1_206' title='bbox 1260 2848 1317 2906; x_wconf 90' lang='lat' dir='ltr'>Deo</span> <span class='ocrx_word' id='word_1_207' title='bbox 1334 2851 1466 2920; x_wconf 83' lang='lat' dir='ltr'>expectat</span> <span class='ocrx_word' id='word_1_208' title='bbox 1478 2849 1507 2904; x_wconf 92' lang='lat' dir='ltr'>in</span> 
     </span>
    </p>
   </div>
   <div class='ocr_carea' id='block_1_6' title="bbox 446 3063 988 3128">
    <p class='ocr_par' dir='ltr' id='par_1_6' title="bbox 446 3063 988 3128">
     <span class='ocr_line' id='line_1_25' title="bbox 446 3063 988 3128; baseline 0.004 -12"><span class='ocrx_word' id='word_1_209' title='bbox 446 3063 462 3116; x_wconf 84' lang='grc'><strong>7</strong></span> <span class='ocrx_word' id='word_1_210' title='bbox 481 3064 524 3117; x_wconf 86' lang='lat' dir='ltr'>Pe.</span> <span class='ocrx_word' id='word_1_211' title='bbox 544 3064 603 3128; x_wconf 88' lang='grc'><strong>128,</strong></span> <span class='ocrx_word' id='word_1_212' title='bbox 620 3065 645 3118; x_wconf 85' lang='grc'>8.</span> <span class='ocrx_word' id='word_1_213' title='bbox 753 3065 786 3119; x_wconf 91' lang='grc'>10</span> <span class='ocrx_word' id='word_1_214' title='bbox 803 3066 901 3120; x_wconf 82' lang='lat' dir='ltr'>Matth.</span> <span class='ocrx_word' id='word_1_215' title='bbox 921 3067 946 3128; x_wconf 80' lang='lat'>5,</span> <span class='ocrx_word' id='word_1_216' title='bbox 965 3068 988 3119; x_wconf 74' lang='lat'>7.</span> 
     </span>
    </p>
   </div>
   <div class='ocr_carea' id='block_1_7' title="bbox 372 3268 1507 4277">
    <p class='ocr_par' dir='ltr' id='par_1_7' title="bbox 372 3268 1507 4277">
     <span class='ocr_line' id='line_1_26' title="bbox 446 3268 1506 3338; baseline 0.002 -18"><span class='ocrx_word' id='word_1_217' title='bbox 446 3268 461 3320; x_wconf 93' lang='lat'>1</span> <span class='ocrx_word' id='word_1_218' title='bbox 479 3283 532 3322; x_wconf 93' lang='lat' dir='ltr'>non</span> <span class='ocrx_word' id='word_1_219' title='bbox 551 3284 602 3322; x_wconf 86' lang='lat' dir='ltr'>om.</span> <span class='ocrx_word' id='word_1_220' title='bbox 625 3268 679 3323; x_wconf 81' lang='lat' dir='ltr'>(W</span> <span class='ocrx_word' id='word_1_221' title='bbox 791 3269 831 3323; x_wconf 90' lang='lat' dir='ltr'>sic</span> <span class='ocrx_word' id='word_1_222' title='bbox 849 3271 948 3323; x_wconf 88' lang='lat' dir='ltr'>etenim</span> <span class='ocrx_word' id='word_1_223' title='bbox 965 3270 1074 3338; x_wconf 64' lang='lat' dir='ltr'>ampo,</span> <span class='ocrx_word' id='word_1_224' title='bbox 1093 3270 1157 3323; x_wconf 81' lang='lat' dir='ltr'>licet</span> <span class='ocrx_word' id='word_1_225' title='bbox 1175 3270 1245 3324; x_wconf 87' lang='lat' dir='ltr'>enim</span> <span class='ocrx_word' id='word_1_226' title='bbox 1269 3269 1359 3332; x_wconf 84' lang='lat' dir='ltr'>GXV,</span> <span class='ocrx_word' id='word_1_227' title='bbox 1378 3271 1417 3324; x_wconf 90' lang='lat' dir='ltr'>sic</span> <span class='ocrx_word' id='word_1_228' title='bbox 1434 3270 1506 3323; x_wconf 88' lang='lat' dir='ltr'>cuim</span> 
     </span>
     <span class='ocr_line' id='line_1_27' title="bbox 375 3352 1473 3424; baseline 0.002 -17"><span class='ocrx_word' id='word_1_229' title='bbox 375 3352 639 3420; x_wconf 77' lang='lat' dir='ltr'>o,·cs.p.153,20</span> <span class='ocrx_word' id='word_1_230' title='bbox 741 3354 890 3424; x_wconf 69' lang='lat' dir='ltr'>DImperet</span> <span class='ocrx_word' id='word_1_231' title='bbox 912 3354 973 3418; x_wconf 81' lang='lat' dir='ltr'>GV,</span> <span class='ocrx_word' id='word_1_232' title='bbox 991 3356 1161 3423; x_wconf 82' lang='lat' dir='ltr'>praecepito</span> <span class='ocrx_word' id='word_1_233' title='bbox 1274 3354 1396 3422; x_wconf 86' lang='lat' dir='ltr'>quisquis</span> <span class='ocrx_word' id='word_1_234' title='bbox 1414 3355 1473 3409; x_wconf 70' lang='lat' dir='ltr'>X&#39;o</span> 
     </span>
     <span class='ocr_line' id='line_1_28' title="bbox 373 3438 1507 3509; baseline 0 -18"><span class='ocrx_word' id='word_1_235' title='bbox 373 3438 433 3492; x_wconf 85' lang='lat' dir='ltr'>3si</span> <span class='ocrx_word' id='word_1_236' title='bbox 452 3454 537 3494; x_wconf 69' lang='lat' dir='ltr'>outo</span> <span class='ocrx_word' id='word_1_237' title='bbox 648 3439 786 3509; x_wconf 68' lang='lat' dir='ltr'>dperdat]</span> <span class='ocrx_word' id='word_1_238' title='bbox 806 3442 957 3508; x_wconf 81' lang='lat' dir='ltr'>preesteto</span> <span class='ocrx_word' id='word_1_239' title='bbox 1076 3440 1185 3493; x_wconf 90' lang='lat' dir='ltr'>interim</span> <span class='ocrx_word' id='word_1_240' title='bbox 1203 3456 1254 3494; x_wconf 77' lang='lat' dir='ltr'>orn.</span> <span class='ocrx_word' id='word_1_241' title='bbox 1276 3440 1302 3494; x_wconf 87' lang='lat' dir='ltr'><em>V</em></span> <span class='ocrx_word' id='word_1_242' title='bbox 1414 3439 1507 3493; x_wconf 88' lang='lat' dir='ltr'>uendit</span> 
     </span>
     <span class='ocr_line' id='line_1_29' title="bbox 376 3522 1474 3593; baseline 0.003 -18"><span class='ocrx_word' id='word_1_243' title='bbox 376 3523 451 3593; x_wconf 68' lang='grc' dir='ltr'>ΟΨ,</span> <span class='ocrx_word' id='word_1_244' title='bbox 470 3522 621 3578; x_wconf 87' lang='lat' dir='ltr'>uendiderit</span> <span class='ocrx_word' id='word_1_245' title='bbox 644 3524 715 3580; x_wconf 63' lang='grc' dir='ltr'>(ΡΧ</span> <span class='ocrx_word' id='word_1_246' title='bbox 854 3526 872 3579; x_wconf 84' lang='lat'><strong>5</strong></span> <span class='ocrx_word' id='word_1_247' title='bbox 889 3527 977 3593; x_wconf 81' lang='lat' dir='ltr'>potest</span> <span class='ocrx_word' id='word_1_248' title='bbox 994 3540 1081 3578; x_wconf 82' lang='lat' dir='ltr'>emere</span> <span class='ocrx_word' id='word_1_249' title='bbox 1098 3541 1114 3579; x_wconf 82' lang='grc' dir='ltr'><strong><em>υ</em></strong></span> <span class='ocrx_word' id='word_1_250' title='bbox 1261 3526 1279 3578; x_wconf 82' lang='lat'>8</span> <span class='ocrx_word' id='word_1_251' title='bbox 1297 3540 1360 3592; x_wconf 83' lang='lat' dir='ltr'>crgo</span> <span class='ocrx_word' id='word_1_252' title='bbox 1377 3541 1427 3579; x_wconf 72' lang='lat' dir='ltr'>orn.</span> <span class='ocrx_word' id='word_1_253' title='bbox 1451 3527 1474 3578; x_wconf 88' lang='lat' dir='ltr'><em>V</em></span> 
     </span>
     <span class='ocr_line' id='line_1_30' title="bbox 373 3609 1504 3679; baseline 0.002 -18"><span class='ocrx_word' id='word_1_254' title='bbox 373 3609 456 3675; x_wconf 77' lang='lat' dir='ltr'>oqui</span> <span class='ocrx_word' id='word_1_255' title='bbox 474 3624 524 3662; x_wconf 90' lang='lat' dir='ltr'>om.</span> <span class='ocrx_word' id='word_1_256' title='bbox 547 3609 579 3673; x_wconf 82' lang='lat' dir='ltr'>V,</span> <span class='ocrx_word' id='word_1_257' title='bbox 597 3609 660 3663; x_wconf 84' lang='lat' dir='ltr'>add.</span> <span class='ocrx_word' id='word_1_258' title='bbox 683 3609 795 3665; x_wconf 65' lang='lat' dir='ltr'>GM</span> <span class='ocrx_word' id='word_1_259' title='bbox 934 3611 968 3664; x_wconf 91' lang='lat'>10</span> <span class='ocrx_word' id='word_1_260' title='bbox 985 3613 1048 3663; x_wconf 86' lang='lat' dir='ltr'>sunt</span> <span class='ocrx_word' id='word_1_261' title='bbox 1066 3625 1116 3663; x_wconf 71' lang='lat' dir='ltr'>orn</span> <span class='ocrx_word' id='word_1_262' title='bbox 1136 3611 1168 3662; x_wconf 84' lang='lat' dir='ltr'><em>X</em></span> <span class='ocrx_word' id='word_1_263' title='bbox 1298 3609 1425 3678; x_wconf 83' lang='lat' dir='ltr'>quoniam</span> <span class='ocrx_word' id='word_1_264' title='bbox 1443 3611 1504 3679; x_wconf 83' lang='lat' dir='ltr'>ipsi]</span> 
     </span>
     <span class='ocr_line' id='line_1_31' title="bbox 372 3693 1505 3764; baseline 0.003 -18"><span class='ocrx_word' id='word_1_265' title='bbox 372 3693 471 3760; x_wconf 82' lang='lat' dir='ltr'>quiae</span> <span class='ocrx_word' id='word_1_266' title='bbox 551 3695 582 3746; x_wconf 91' lang='lat'>11</span> <span class='ocrx_word' id='word_1_267' title='bbox 601 3697 757 3764; x_wconf 78' lang='lat' dir='ltr'>ostergoe</span> <span class='ocrx_word' id='word_1_268' title='bbox 835 3696 868 3749; x_wconf 88' lang='grc'>12</span> <span class='ocrx_word' id='word_1_269' title='bbox 885 3696 988 3748; x_wconf 86' lang='lat' dir='ltr'>uirtute</span> <span class='ocrx_word' id='word_1_270' title='bbox 1006 3693 1071 3749; x_wconf 86' lang='lat' dir='ltr'>deus</span> <span class='ocrx_word' id='word_1_271' title='bbox 1088 3697 1121 3748; x_wconf 85' lang='lat' dir='ltr'><em>X</em></span> <span class='ocrx_word' id='word_1_272' title='bbox 1197 3694 1321 3748; x_wconf 80' lang='lat' dir='ltr'>effectum</span> <span class='ocrx_word' id='word_1_273' title='bbox 1343 3696 1370 3748; x_wconf 88' lang='lat' dir='ltr'><strong><em>V</em></strong></span> <span class='ocrx_word' id='word_1_274' title='bbox 1441 3695 1505 3749; x_wconf 87' lang='lat' dir='ltr'>deus</span> 
     </span>
     <span class='ocr_line' id='line_1_32' title="bbox 373 3778 1504 3851; baseline 0.004 -19"><span class='ocrx_word' id='word_1_275' title='bbox 373 3780 439 3848; x_wconf 80' lang='lat' dir='ltr'>req]</span> <span class='ocrx_word' id='word_1_276' title='bbox 458 3778 574 3848; x_wconf 83' lang='lat' dir='ltr'>inquIrit</span> <span class='ocrx_word' id='word_1_277' title='bbox 591 3782 623 3833; x_wconf 85' lang='lat' dir='ltr'><em>X</em></span> <span class='ocrx_word' id='word_1_278' title='bbox 725 3781 758 3835; x_wconf 83' lang='lat'>15</span> <span class='ocrx_word' id='word_1_279' title='bbox 775 3780 860 3835; x_wconf 88' lang='lat' dir='ltr'>bonos</span> <span class='ocrx_word' id='word_1_280' title='bbox 877 3797 998 3836; x_wconf 83' lang='lat' dir='ltr'>moroso</span> <span class='ocrx_word' id='word_1_281' title='bbox 1101 3782 1220 3834; x_wconf 85' lang='lat' dir='ltr'>eiecto</span> <span class='ocrx_word' id='word_1_282' title='bbox 1318 3783 1351 3836; x_wconf 88' lang='grc'>16</span> <span class='ocrx_word' id='word_1_283' title='bbox 1369 3782 1504 3851; x_wconf 88' lang='lat' dir='ltr'>honestos]</span> 
     </span>
     <span class='ocr_line' id='line_1_33' title="bbox 373 3863 1470 3936; baseline 0.005 -20"><span class='ocrx_word' id='word_1_284' title='bbox 373 3863 519 3918; x_wconf 88' lang='lat' dir='ltr'>bonoriso</span> <span class='ocrx_word' id='word_1_285' title='bbox 609 3865 684 3920; x_wconf 86' lang='lat' dir='ltr'>fouet</span> <span class='ocrx_word' id='word_1_286' title='bbox 701 3869 729 3919; x_wconf 88' lang='lat' dir='ltr'>et</span> <span class='ocrx_word' id='word_1_287' title='bbox 747 3883 797 3920; x_wconf 75' lang='lat' dir='ltr'>orn.</span> <span class='ocrx_word' id='word_1_288' title='bbox 817 3869 848 3919; x_wconf 84' lang='lat' dir='ltr'><em>X</em></span> <span class='ocrx_word' id='word_1_289' title='bbox 942 3866 1033 3936; x_wconf 84' lang='lat' dir='ltr'>babet]</span> <span class='ocrx_word' id='word_1_290' title='bbox 1052 3865 1172 3920; x_wconf 90' lang='lat' dir='ltr'>custodit</span> <span class='ocrx_word' id='word_1_291' title='bbox 1185 3868 1231 3920; x_wconf 87' lang='lat' dir='ltr'>Xu</span> <span class='ocrx_word' id='word_1_292' title='bbox 1324 3868 1357 3920; x_wconf 71' lang='lat'>17</span> <span class='ocrx_word' id='word_1_293' title='bbox 1374 3868 1470 3922; x_wconf 86' lang='lat' dir='ltr'>iramo</span> 
     </span>
     <span class='ocr_line' id='line_1_34' title="bbox 374 3948 1504 4022; baseline 0.008 -23"><span class='ocrx_word' id='word_1_294' title='bbox 374 3948 407 4000; x_wconf 88' lang='lat'>19</span> <span class='ocrx_word' id='word_1_295' title='bbox 424 3949 505 4016; x_wconf 80' lang='lat' dir='ltr'>gulae</span> <span class='ocrx_word' id='word_1_296' title='bbox 523 3966 546 4003; x_wconf 88' lang='lat' dir='ltr'>e.</span> <span class='ocrx_word' id='word_1_297' title='bbox 564 3953 712 4020; x_wconf 78' lang='lat' dir='ltr'>propurget</span> <span class='ocrx_word' id='word_1_298' title='bbox 729 3967 780 4005; x_wconf 73' lang='lat' dir='ltr'>oua.</span> <span class='ocrx_word' id='word_1_299' title='bbox 802 3951 829 4004; x_wconf 86' lang='lat' dir='ltr'><strong><em>V</em></strong></span> <span class='ocrx_word' id='word_1_300' title='bbox 996 3951 1032 4004; x_wconf 83' lang='lat'>20</span> <span class='ocrx_word' id='word_1_301' title='bbox 1048 3953 1198 4020; x_wconf 83' lang='lat' dir='ltr'>propurgat</span> <span class='ocrx_word' id='word_1_302' title='bbox 1220 3951 1282 4016; x_wconf 86' lang='lat' dir='ltr'>GX,</span> <span class='ocrx_word' id='word_1_303' title='bbox 1301 3955 1400 4022; x_wconf 81' lang='lat' dir='ltr'>purgat</span> <span class='ocrx_word' id='word_1_304' title='bbox 1417 3970 1449 4019; x_wconf 67' lang='grc' dir='ltr'>υς</span> <span class='ocrx_word' id='word_1_305' title='bbox 1468 3954 1504 4018; x_wconf 76' lang='lat' dir='ltr'>cs.</span> 
     </span>
     <span class='ocr_line' id='line_1_35' title="bbox 373 4032 1504 4106; baseline 0.002 -18"><span class='ocrx_word' id='word_1_306' title='bbox 373 4032 464 4090; x_wconf 79' lang='lat' dir='ltr'>Sirac.</span> <span class='ocrx_word' id='word_1_307' title='bbox 482 4039 508 4100; x_wconf 81' lang='lat'>7,</span> <span class='ocrx_word' id='word_1_308' title='bbox 525 4039 560 4091; x_wconf 86' lang='lat'>33</span> <span class='ocrx_word' id='word_1_309' title='bbox 680 4036 786 4090; x_wconf 90' lang='lat' dir='ltr'>omnino</span> <span class='ocrx_word' id='word_1_310' title='bbox 804 4052 854 4090; x_wconf 68' lang='lat' dir='ltr'>eiu</span> <span class='ocrx_word' id='word_1_311' title='bbox 875 4039 906 4089; x_wconf 87' lang='lat' dir='ltr'><em>X</em></span> <span class='ocrx_word' id='word_1_312' title='bbox 1025 4035 1094 4103; x_wconf 90' lang='lat' dir='ltr'>quod</span> <span class='ocrx_word' id='word_1_313' title='bbox 1112 4039 1144 4088; x_wconf 87' lang='lat' dir='ltr'><em>X</em></span> <span class='ocrx_word' id='word_1_314' title='bbox 1149 4038 1156 4064; x_wconf 90' lang='lat'><strong>¹</strong></span> <span class='ocrx_word' id='word_1_315' title='bbox 1277 4036 1310 4090; x_wconf 90' lang='grc'>21</span> <span class='ocrx_word' id='word_1_316' title='bbox 1330 4040 1357 4090; x_wconf 87' lang='lat' dir='ltr'>ct</span> <span class='ocrx_word' id='word_1_317' title='bbox 1375 4037 1412 4106; x_wconf 89' lang='lat' dir='ltr'>q.]</span> <span class='ocrx_word' id='word_1_318' title='bbox 1431 4038 1504 4106; x_wconf 89' lang='lat' dir='ltr'>quic-</span> 
     </span>
     <span class='ocr_line' id='line_1_36' title="bbox 373 4120 1504 4192; baseline 0.003 -18"><span class='ocrx_word' id='word_1_319' title='bbox 373 4120 439 4188; x_wconf 90' lang='lat' dir='ltr'>quid</span> <span class='ocrx_word' id='word_1_320' title='bbox 460 4121 487 4174; x_wconf 79' lang='lat' dir='ltr'><strong><em>V</em></strong></span> <span class='ocrx_word' id='word_1_321' title='bbox 600 4122 634 4175; x_wconf 88' lang='grc'>22</span> <span class='ocrx_word' id='word_1_322' title='bbox 652 4121 728 4175; x_wconf 81' lang='lat' dir='ltr'>bonis</span> <span class='ocrx_word' id='word_1_323' title='bbox 746 4121 900 4176; x_wconf 86' lang='lat' dir='ltr'>hominibus</span> <span class='ocrx_word' id='word_1_324' title='bbox 916 4137 941 4187; x_wconf 84' lang='lat' dir='ltr'>o,</span> <span class='ocrx_word' id='word_1_325' title='bbox 958 4121 1113 4175; x_wconf 87' lang='lat' dir='ltr'>bominibus</span> <span class='ocrx_word' id='word_1_326' title='bbox 1134 4123 1165 4174; x_wconf 89' lang='grc' dir='ltr'><strong><em>Χ</em></strong></span> <span class='ocrx_word' id='word_1_327' title='bbox 1281 4121 1426 4192; x_wconf 81' lang='lat' dir='ltr'>laudabile]</span> <span class='ocrx_word' id='word_1_328' title='bbox 1446 4124 1504 4177; x_wconf 82' lang='lat' dir='ltr'>leu-</span> 
     </span>
     <span class='ocr_line' id='line_1_37' title="bbox 372 4204 887 4277; baseline 0.004 -18"><span class='ocrx_word' id='word_1_329' title='bbox 372 4204 484 4261; x_wconf 84' lang='lat' dir='ltr'>dereV</span> <span class='ocrx_word' id='word_1_330' title='bbox 586 4205 722 4275; x_wconf 84' lang='lat' dir='ltr'>impudice</span> <span class='ocrx_word' id='word_1_331' title='bbox 739 4222 887 4277; x_wconf 87' lang='lat' dir='ltr'>namquev</span> 
     </span>
    </p>
   </div>
   <div class='ocr_carea' id='block_1_8' title="bbox 0 0 1864 4920">
    <p class='ocr_par' dir='ltr' id='par_1_8' title="bbox 0 0 1864 4920">
     <span class='ocr_line' id='line_1_38' title="bbox 0 0 1864 4920; baseline 0 4"><span class='ocrx_word' id='word_1_332' title='bbox 0 0 1864 4920; x_wconf 95' lang='lat' dir='ltr'> </span> 
     </span>
    </p>
   </div>
  </div>
 </body>
</html>
