3720 4920
381 337 454 389 cxu
784 319 932 376 Caecilii
949 319 1110 388 Cypriani

379 473 463 540 idem
479 473 624 542 Galerius
638 476 794 541 Maximus
811 476 975 557 proconsul
989 475 1024 539 in
1038 475 1135 540 aliam
1149 474 1234 541 diem
1249 473 1439 558 cyprianum
1454 473 1516 540 sibi

378 578 529 643 reseruari
551 578 717 660 praecepit.
740 579 772 643 et
797 594 832 642 eo
856 579 994 661 tempore
1016 578 1126 642 beatus
1146 576 1319 661 Cyprianus
1341 578 1454 643 ductus
1475 577 1516 642 ad

377 679 551 762 principem
566 682 598 745 et
609 681 777 746 stratorem
790 680 929 745 ciusdem
943 679 1039 745 officii
1050 678 1168 745 Galerii
1176 679 1306 745 Maximi
1322 679 1514 761 proconsulis

378 781 546 848 clarissimi
568 783 630 849 uiri
654 783 791 863 secessit,
818 784 850 848 et
870 783 903 848 in
923 782 1059 867 hospitio
1086 782 1153 848 eius
1173 801 1245 848 cum
1265 799 1300 847 ec
1321 782 1354 847 in
1371 781 1438 848 uico
1459 781 1515 864 qui

377 886 493 951 dicitnr
507 886 633 950 Saturni
653 886 738 951 inter
752 885 922 950 Veneream
938 888 970 951 et
985 884 1173 950 Salutariam
1195 885 1321 950 mansit.
1341 885 1420 949 illuc
1442 884 1537 948 uni-s

376 1005 485 1053 uersus
504 988 637 1070 populus
657 989 791 1053 fratrum
812 988 964 1052 conuenit.
986 988 1102 1052 etcum
1124 987 1183 1051 hoc
1197 989 1324 1053 sanctus
1340 985 1514 1070 Cyprianus

377 1090 587 1171 comperisset,
610 1089 760 1155 custodiri
780 1089 900 1172 puellas
920 1089 1086 1171 praecepit,
1110 1089 1258 1172 quoniam
1273 1106 1379 1153 omnes
1394 1088 1429 1152 in
1443 1089 1514 1153 uico

376 1192 449 1257 ante
463 1192 590 1257 ianuam
603 1191 734 1275 hospitii
749 1191 897 1274 principis
911 1191 1099 1257 manserant.

346 1288 365 1352 8
417 1295 461 1359 Et
475 1295 522 1359 ite
535 1295 636 1360 altera
656 1293 707 1359 die
727 1296 840 1358 octaua
859 1294 981 1358 neuma
999 1293 1203 1358 kalendarum
1219 1290 1402 1356 Octobrium
1421 1312 1513 1358 mane

375 1395 479 1460 multu
506 1394 601 1461 turba
630 1394 776 1460 conuenit
800 1394 840 1459 ad
866 1392 951 1459 Sexti
981 1395 1151 1459 secundum
1177 1395 1377 1476 praeceptum
1405 1392 1513 1459 Galeri
1523 1414 1549 1454 ιο

374 1495 507 1562 Maximi
531 1497 732 1578 proconsulis.
758 1496 861 1560 etita
885 1497 970 1561 idem
996 1494 1141 1561 Galerius
1165 1496 1323 1560 Maximus
1348 1496 1512 1579 proconsul

376 1599 483 1663 eadem
512 1599 562 1663 die
588 1598 777 1682 Cypriannm
803 1598 865 1663 sibi
891 1597 993 1662 offerri
1018 1598 1176 1681 praecepit
1202 1599 1236 1663 in
1262 1599 1342 1663 atrio
1368 1598 1512 1664 Sanciclo

375 1700 503 1766 sedenti.
531 1719 662 1784 cumque
688 1701 813 1767 oblatus
838 1700 959 1780 fuisset,
991 1699 1136 1766 Galerius
1161 1701 1319 1766 Maximus
1344 1702 1512 1783 proconsul

376 1800 528 1885 Cypriane
549 1804 690 1886 episcopo
712 1803 808 1868 dixit:
835 1807 872 1867 tu
892 1821 925 1866 es
945 1802 1097 1867 Thascius
1118 1801 1312 1885 Cyprianus?
1338 1800 1511 1886 Cyprianus

377 1904 540 1986 episcopus
569 1905 745 1987 respondit:
775 1923 843 1988 ego
873 1922 965 1969 sum.
996 1903 1140 1970 Galerius
1161 1905 1320 1969 Maximus
1345 1905 1545 1987 proconsulis

370 2006 470 2071 -dixitz
500 2008 537 2071 tu
563 2026 676 2088 papam
702 2009 734 2072 tc
763 2005 932 2090 sacrilegae
961 2007 1076 2072 mentis
1105 2006 1284 2072 hominibus
1314 2007 1510 2089 praebuisti?

375 2106 547 2190 Cyprianus
562 2109 723 2191 episcopus
737 2110 905 2191 respondit.
921 2126 1000 2191 ego.
1016 2107 1162 2173 Galerius
1172 2107 1327 2172 Maximus
1342 2108 1508 2190 proconsul

374 2208 471 2273 dixit:
487 2209 645 2274 iusserunt
656 2211 688 2274 te
699 2208 903 2275 sacratissimi
918 2210 1120 2292 imperatores
1132 2209 1362 2275 caeremoniari.
1379 2208 1510 2292 Cypria-

372 2330 432 2375 nus
449 2311 609 2394 episccpns
630 2312 725 2375 dixit:
748 2329 819 2376 non
834 2311 945 2376 facio.
968 2311 1110 2376 Galerius
1125 2310 1283 2375 Maximus
1298 2310 1358 2375 ait:
1381 2310 1508 2376 consule

371 2413 442 2477 tibi.
465 2411 638 2497 Cyprianus
653 2414 815 2496 episcopus
829 2413 1003 2495 respondit:
1027 2412 1088 2479 iac
1108 2414 1207 2495 quod
1228 2413 1306 2477 tibi
1327 2432 1544 2496 praecep-sc

372 2514 452 2578 turn
476 2516 542 2579 est.
568 2515 606 2579 in
627 2533 666 2578 re
688 2517 765 2578 tam
787 2515 892 2579 iusta
913 2515 1022 2580 nulla
1044 2517 1103 2578 est
1126 2514 1379 2579 consultatio.

343 2614 362 2677 4
415 2616 559 2682 Galerius
573 2617 729 2682 Maximus
752 2616 923 2681 collocutus
945 2635 1016 2681 cum
1040 2617 1172 2682 concilio
1195 2616 1384 2681 sententiam
1407 2617 1459 2680 uix
1475 2615 1508 2679 et

371 2736 463 2802 aegre
493 2717 573 2783 dixit
600 2718 705 2783 uerbis
727 2717 922 2782 huiusmodi:
952 2718 1007 2782 diu
1032 2718 1185 2800 sacrilega
1209 2718 1315 2782 mente
1340 2717 1449 2782 uixisti
1475 2717 1508 2782 et

424 2971 437 3022 1
450 2969 607 3038 proconsule
618 2970 658 3024 M
660 2990 666 3035 ;
679 2973 723 3025 uir
734 2970 897 3024 clarissimus
910 2970 974 3025 cdd.
988 2971 1055 3025 EM
1154 2972 1209 3025 aliu
1220 2971 1264 3024 dio
1275 2971 1303 3024 id
1316 2974 1357 3025 est
1369 2972 1450 3040 (idern
1460 2971 1507 3039 M)

371 3055 489 3108 crastiua
506 3053 595 3108 aiicrri
609 3055 663 3108 sibi
675 3056 810 3125 praecepit
821 3056 962 3124 (praecipit
973 3056 1020 3124 M)
1031 3059 1059 3109 et
1071 3056 1112 3109 ita
1124 3057 1195 3111 idem
1206 3056 1348 3125 ciprianus
1360 3072 1420 3110 curn
1432 3056 1508 3125 prin·
1543 3099 1546 3105 ,

371 3140 428 3208 cipe
440 3144 468 3193 et
480 3141 594 3194 stratore
605 3140 688 3194 officii
700 3140 810 3194 maximi
822 3140 885 3195 EM
1024 3141 1085 3196 leo
1097 3142 1156 3196 uico
1168 3143 1274 3196 saturni
1285 3144 1356 3196 inter
1368 3142 1507 3196 uenuriern

370 3226 712 3294 (nenariaccuenerieE)
725 3226 897 3279 ctsalutaria
909 3226 976 3280 EM
1130 3227 1236 3295 billuc]
1250 3227 1310 3281 illic
1321 3231 1385 3280 ante
1396 3227 1507 3281 ianuam

369 3310 436 3364 EM
513 3311 700 3379 ,Gccnucnitl
713 3311 814 3363 mansit
825 3310 889 3364 EM
992 3312 1101 3365 sanctus
1113 3328 1162 3365 orn.
1176 3311 1245 3364 EM
1347 3310 1507 3365 'lcustodiri

370 3395 488 3465 Accpaat.
503 3395 520 3450 l.
533 3411 554 3449 c.
567 3413 594 3450 n.
608 3399 664 3449 iet
677 3395 804 3465 Falpcnt.
816 3409 895 3450 serm.
906 3398 932 3463 6,
946 3395 1075 3464 castigari
1087 3397 1129 3460 M,
1143 3398 1172 3449 ct
1183 3394 1312 3465 castigari
1324 3395 1355 3449 E
1476 3396 1506 3448 in

369 3481 430 3535 uico
441 3497 534 3535 omncs
546 3484 610 3535 ante
622 3481 717 3534 ianuas
729 3479 850 3548 hospicio
862 3479 990 3549 principis
1003 3480 1128 3534 iacebant
1140 3481 1207 3534 EM
1324 3481 1341 3535 9
1354 3481 1407 3550 die]
1421 3480 1464 3534 die
1477 3480 1507 3534 id

370 3569 413 3621 est
423 3567 490 3621 EM
612 3566 646 3620 10
656 3566 739 3620 turbs
750 3567 875 3620 conuenit
886 3581 935 3620 om.
949 3566 1016 3621 EM
1135 3566 1283 3634 galleriM
1401 3568 1434 3621 11
1445 3582 1507 3636 pro·

894 3652 974 3706 et'ita
1043 3652 1242 3721 praecepitooa
1256 3653 1322 3707 EM
1431 3653 1506 3706 12in

369 3737 441 3791 atrio
453 3737 586 3806 Sauciolo]
600 3737 629 3790 in
642 3737 711 3789 atrio
724 3736 850 3790 sedentis.
863 3736 990 3789 obuoluto
1000 3736 1157 3802 (obuoluato
1171 3738 1216 3803 M)
1229 3738 1258 3790 et
1269 3737 1386 3791 sauciolo
1398 3736 1506 3791 oblatus

369 3823 411 3876 cst
424 3822 489 3876 EM
493 3841 503 3888 ;
526 3821 562 3886 cs.
578 3824 656 3877 Ceno.
668 3822 816 3877 Matiscon.
830 3821 868 3874 11
877 3838 899 3876 c.
913 3825 964 3876 19:
983 3826 1015 3874 ut
1026 3821 1060 3875 ad
1077 3821 1164 3875 locurn
1184 3822 1389 3876 examinationis
1401 3838 1506 3876 reorum

368 3908 461 3962 nullus
478 3907 592 3963 clericus
611 3907 722 3962 accedat
732 3923 817 3975 neque
828 3906 939 3961 intersit
949 3908 1020 3961 atrio
1032 3907 1155 3962 Sauciolo
1313 3909 1347 3962 13
1358 3924 1470 3977 cumque
1481 3924 1505 3963 o.

368 3993 476 4062 fuisset]
490 4009 543 4062 quo
553 3993 661 4048 obolatc
672 3992 743 4046 idom
756 3993 820 4047 EM
915 3995 1056 4062 proconsul
1069 3994 1235 4047 clarissimus
1246 3994 1291 4047 uir
1303 3994 1338 4058 E,
1350 3993 1506 4062 proconsule

369 4077 530 4134 durissimus
542 4079 585 4133 uir
594 4078 631 4133 M
696 4079 731 4132 14
741 4081 773 4133 tn
786 4094 814 4133 ee
883 4078 1164 4134 transsumam
1230 4080 1263 4133 16
1272 4083 1398 4148 papatem
1407 4078 1475 4132 EM

368 4165 522 4220 hominibus
535 4165 758 4229 E‚cmnibusM
840 4164 873 4220 lt
885 4166 1027 4235 cyprianus
1039 4165 1109 4219 dixit
1120 4181 1170 4235 ego
1182 4165 1249 4220 EM
1326 4165 1502 4234 galerius

369 4252 386 4307 l.
397 4256 432 4305 21
445 4251 609 4307 consultatio
623 4267 673 4307 cm.
685 4251 751 4306 EM
904 4251 939 4305 22
950 4252 1091 4320 proconsul
1107 4251 1214 4306 locutus
1224 4251 1260 4317 E,
1277 4250 1433 4320 proconsule
1445 4266 1507 4303 con·

369 4335 525 4392 lccutnsM
625 4339 745 4393 etcuac
