3720 4920
375 333 437 397 128
848 320 1033 396 appendia

374 484 439 546 odio
465 487 570 546 durata
599 503 679 546 mens
704 488 758 546 est.
790 483 933 558 etiamque
960 482 1079 558 spiritus
1104 483 1222 541 sanctus
1253 481 1354 543 idest
1380 480 1511 541 christus

376 586 516 648 Dominus
544 590 642 648 nostor
667 587 718 662 qui
741 586 887 661 profectus
902 603 937 647 ex
960 585 1019 645 Deo
1033 589 1116 659 patre
1131 585 1214 644 uenit
1226 587 1261 644 ut
1275 583 1387 644 saluum
1402 583 1511 645 laceret

375 691 452 765 quod
463 691 589 765 perierat
600 690 733 751 Israelis:
749 689 799 764 qui
810 689 900 749 maior
915 707 949 749 ao
963 688 1065 749 sortior
1078 689 1115 748 ad
1131 687 1290 763 subigenda
1300 686 1509 748 contumacium

377 792 452 852 colle
477 793 507 851 in
534 794 665 852 timorem
691 794 737 852 sui
761 792 886 852 nominis
909 793 940 851 at
965 792 1136 866 potestatem
1163 807 1211 850 eos
1238 790 1287 865 qui
1309 790 1449 850 οιιιιοιοιιο
1464 789 1510 848 sui

378 893 577 954 luminationis
602 894 763 954 claritatem
789 894 935 954 obstinata
958 894 1046 954 etiarn
1061 896 1129 952 tunc
1143 893 1249 953 mentis
1263 892 1400 953 caecitate
1422 892 1532 951 dura-a

376 997 448 1056 hant
462 999 499 1056 ad
513 995 647 1057 notitiam
669 996 811 1057 claritatis
835 1000 865 1056 et
879 995 988 1070 gloriae
1003 1011 1070 1055 suae
1084 996 1145 1054 tarn
1159 993 1244 1055 facile
1259 993 1410 1066 conuertit,
1425 1009 1511 1068 quam

375 1101 410 1157 ιιι
430 1115 530 1159 omnes
556 1098 652 1158 saluos
679 1099 786 1159 laceret
811 1097 993 1172 prouidentia
1007 1097 1123 1158 diuinae
1137 1096 1346 1158 misericordiae
1372 1113 1440 1156 suae
1463 1094 1507 1153 di-

375 1202 483 1274 gnatus
497 1199 623 1261 aduenit.

347 1304 367 1364 8
420 1301 496 1361 Nam
518 1305 552 1361 ut
577 1302 641 1361 duri
667 1304 761 1363 cordis
784 1306 855 1362 tunc
869 1305 899 1362 at
915 1303 1019 1376 impiae
1033 1301 1129 1375 plebis
1144 1302 1181 1361 ad
1195 1300 1309 1360 Domini
1324 1303 1432 1360 metum
1446 1300 1509 1375 ipso

367 1400 497 1490 ‘Domino
517 1403 734 1478 euangelinaute
757 1420 910 1464 conuersas
924 1407 1035 1464 mentes
1050 1403 1162 1475 sileam,
1190 1405 1223 1463 ut
1237 1402 1429 1477 apostolorum
1446 1402 1509 1462 eius
1518 1422 1545 1462 ιο

373 1505 585 1580 praedicatione
622 1506 842 1579 multiplicatum
869 1506 900 1564 in
926 1507 993 1566 orbo
1019 1508 1080 1565 toto
1107 1507 1137 1564 st
1162 1504 1301 1565 refersum
1332 1504 1510 1564 medentium

373 1605 512 1682 populum
539 1607 735 1666 conticiscam:
769 1607 841 1666 illud
867 1607 1045 1679 praeclarum
1069 1609 1157 1680 atque
1186 1605 1369 1666 memorabile
1399 1604 1508 1679 glorio·

375 1726 495 1783 sumque
524 1708 638 1768 Iasonis
667 1708 793 1768 Hebraei
824 1708 980 1768 Christiani
1000 1712 1030 1768 et
1054 1707 1169 1780 Panisci
1195 1706 1383 1767 Alexandrini
1407 1706 1507 1765 Iudaei

374 1809 591 1884 disceptationis
617 1811 750 1880 occurrit,
777 1811 887 1870 Iudaici
912 1810 1007 1871 cordis
1028 1810 1204 1870 obstinatam
1229 1807 1366 1869 duritiam
1379 1807 1506 1866 Hebraei

374 1911 568 1972 admonitione
584 1929 618 1971 ac
632 1911 691 1971 leni
706 1912 900 1986 increpatione
916 1912 1067 1983 mollitam,
1084 1912 1233 1971 uictricem
1247 1912 1278 1970 in
1292 1909 1408 1984 Papiaci
1422 1908 1507 1969 corde
1518 1931 1543 1971 na

377 2012 490 2072 Iasonis
520 2014 555 2072 de
577 2012 698 2087 spiritus
728 2014 821 2072 sancti
851 2013 994 2073 inlusione
1025 2014 1200 2086 doctrinam,
1230 2030 1287 2087 qua
1308 2011 1447 2084 Papiscus
1471 2010 1509 2068 ad

376 2113 556 2174 intellectum
586 2114 720 2174 ueritatis
750 2114 891 2173 admissus
914 2119 944 2174 et
964 2117 1001 2174 ud
1023 2115 1154 2174 timorem
1177 2113 1291 2173 Domini
1311 2115 1374 2186 ipso
1389 2112 1509 2171 Domino

378 2215 533 2275 miserante
564 2214 705 2274 formatus
734 2218 764 2274 et
793 2216 888 2274 lesunn
918 2216 1064 2276 Christum
1089 2215 1144 2274 Dei
1174 2215 1265 2274 lilium
1291 2215 1412 2274 credidit
1433 2217 1462 2272 ot
1478 2217 1511 2273 ut

377 2317 562 2392 signaculum
600 2320 726 2377 sumeret
763 2319 932 2393 deprecatus
961 2319 1091 2379 Iasonem
1119 2317 1286 2392 postulauit.
1324 2317 1428 2389 prohat
1456 2315 1509 2375 hoo

380 2419 525 2492 scriptura
555 2419 774 2480 concertationis
801 2420 936 2493 ipsorum,
959 2437 1031 2495 quae
1048 2420 1244 2480 collidentium
1259 2420 1334 2478 inter
1349 2435 1380 2477 se
1394 2416 1507 2491 Papisci
1517 2439 1544 2480 ao

384 2521 564 2580 aduersantis
580 2520 697 2579 ueritati
712 2524 742 2579 et
756 2520 868 2580 Iasonis
883 2522 1043 2580 adserentis
1058 2525 1088 2581 et
1109 2521 1282 2580 uindicantis
1296 2518 1508 2594 dispositionem

445 2837 461 2889 1
480 2833 612 2890 obdurate
629 2834 694 2889 Bai.
713 2851 781 2890 aar
901 2835 985 2890 etiam
1003 2835 1112 2907 quoda
1236 2836 1349 2907 spiritus
1362 2875 1368 2888 .
1382 2875 1389 2888 .
1402 2875 1408 2890 .
1422 2837 1449 2891 id
1467 2839 1509 2889 est

376 2936 427 2975 osa
446 2920 472 2973 Z
575 2920 592 2973 2
610 2920 658 2988 qni
676 2936 727 2975 orn.
745 2938 762 2975 u
870 2921 1014 2990 proiectus]
1033 2922 1181 2989 prophetna
1199 2941 1228 2992 μ,
1246 2937 1293 2989 pro
1311 2939 1339 2975 se
1356 2924 1431 2976 totus
1449 2921 1476 2975 Z

374 3005 415 3075 cx]
433 3021 451 3058 a
468 3005 496 3059 Z
620 3004 736 3059 3israel
752 3005 797 3059 his
817 3005 861 3071 lt,
878 3004 959 3060 israel
976 3006 1020 3074 Ζμ
1147 3022 1178 3061 ac
1195 3007 1267 3075 prior
1284 3021 1315 3061 ac
1332 3006 1431 3061 fortior
1449 3006 1476 3060 Z

373 3089 418 3160 ad]
437 3106 468 3144 ac
488 3090 539 3144 ΤΖ
651 3091 805 3146 subicienda
822 3112 842 3162 μ
954 3091 972 3146 4
988 3092 1087 3146 timore
1104 3092 1163 3160 Ζμ1
1275 3094 1409 3160 potestate
1427 3093 1473 3160 Ζμ

373 3174 416 3229 sni
434 3177 509 3244 (snae
521 3177 555 3244 ι’)
572 3176 759 3230 luminationis
773 3177 815 3240 lt,
834 3176 946 3230 luminis
957 3177 999 3230 sui
1011 3195 1057 3246 μυ,
1074 3176 1186 3230 luminis
1197 3177 1224 3230 Z
1293 3177 1311 3231 5
1328 3176 1436 3230 obstina
1450 3177 1476 3230 Τ

374 3275 450 3314 nuens
468 3260 495 3313 Z
614 3262 753 3314 cecitatem
773 3261 799 3314 Z
911 3260 1061 3330 oglerium
1080 3261 1106 3315 Ζ
1227 3276 1290 3315 suae
1307 3262 1364 3314 tam
1382 3277 1432 3315 cau.
1450 3260 1478 3314 Ζ

374 3347 474 3401 ienae
492 3347 601 3401 diuinae
619 3346 816 3401 misericordiae
832 3364 850 3402 ο
919 3347 1059 3418 dignatus]
1079 3364 1111 3401 ac
1128 3347 1320 3417 dignationes
1398 3347 1416 3405 9
1434 3349 1507 3416 nem}

373 3450 444 3488 nunc
462 3434 488 3487 Z
608 3436 640 3486 ut
658 3449 709 3488 om.
731 3435 774 3497 Tr,
793 3433 822 3487 in
840 3433 868 3487 Ζ
991 3450 1062 3489 ιιιιιιο
1079 3435 1110 3498 Ζ,
1129 3451 1179 3488 ocra
1198 3455 1217 3503 μ
1343 3433 1376 3486 10
1393 3435 1507 3504 montes]

373 3535 466 3575 mones
487 3519 514 3574 T
610 3519 704 3573 sileam
723 3519 760 3588 οι]
779 3518 833 3573 sibi
850 3519 942 3573 amitti
960 3520 988 3573 Ζ
1083 3520 1150 3590 οιοο]
1170 3522 1257 3573 metue
1275 3517 1302 3571 Z
1397 3519 1430 3571 11
1449 3520 1507 3572 toto

376 3604 440 3661 orhe
458 3622 476 3661 ο
545 3605 674 3659 retensum
690 3605 734 3668 Tt,
752 3619 898 3673 respersum
911 3625 939 3672 μ,
958 3604 1135 3660 reformatum
1148 3605 1181 3671 Z,
1199 3619 1334 3658 reuersum
1346 3620 1376 3668 o;
1396 3602 1432 3669 cs.
1446 3618 1507 3658 oon-

373 3690 459 3744 l'eraus
477 3691 546 3744 Ima
566 3693 592 3753 6,
604 3694 641 3744 38
657 3691 689 3744 e'oe
701 3689 759 3744 oud.
772 3689 861 3744 Rehd.
877 3690 955 3759 opud
967 3691 1112 3753 Hecatom,
1130 3689 1218 3744 rusus
1232 3690 1304 3743 Tert.
1324 3689 1416 3742 Ieiuno.
1434 3690 1473 3742 12

374 3774 409 3829 12
426 3775 603 3830 conticescam
620 3764 653 3829 o'
764 3774 843 3828 illum
864 3775 894 3839 T,
913 3773 980 3830 illuc
997 3774 1025 3828 Z
1153 3774 1187 3829 13
1204 3773 1321 3843 hebraei]
1341 3771 1429 3828 ebichi
1447 3773 1473 3826 Z

373 3861 531 3915 christianis
552 3862 579 3917 T
689 3860 723 3915 14
741 3859 983 3931 dispectationisu
1101 3860 1188 3915 cordia
1205 3858 1304 3914 iudaici
1323 3860 1350 3913 Z
1458 3858 1505 3912 he·

373 3944 438 3999 brea
458 3946 550 4014 ΤΖιμ,
567 3945 644 4000 breui
661 3945 726 3999 Bul.
746 3961 814 4000 aar
984 3947 1018 4001 15
1036 3946 1211 4001 monitionem
1234 3946 1263 4010 T,
1281 3945 1431 3999 municione
1448 3944 1474 3997 Z

370 4032 400 4085 et
417 4030 559 4085 uictricem
578 4030 641 4085 But
736 4029 851 4101 papisci]
869 4031 942 4100 pacis
960 4032 986 4086 Ζ
1082 4033 1116 4086 16
1133 4019 1213 4102 aput
1301 4045 1381 4099 quam
1400 4029 1473 4083 ΤΖιι

375 4115 410 4169 18
426 4116 515 4170 tilium
534 4115 611 4172 delo
761 4120 789 4170 et
806 4131 857 4171 orm
875 4116 902 4171 Ζ
1050 4119 1084 4172 19
1102 4117 1258 4188 designauit
1274 4116 1423 4187 postulauit
1440 4118 1472 4183 μ’

376 4202 427 4257 hoc
445 4217 496 4256 om.
514 4203 541 4256 Z
620 4201 654 4255 21
672 4203 798 4257 ueritatis
815 4206 860 4273 ιιι
947 4207 976 4258 οι
993 4203 1158 4260 uindicantis
1175 4219 1226 4258 ona
1244 4203 1272 4256 Z
