3720 4920
652 364 698 419 De
712 363 845 418 Pesche
863 365 1040 430 computus
1060 378 1081 415 o.
1101 361 1176 417 7-8.
1419 361 1484 428 255

348 525 407 583 kal.
430 522 523 597 April.
551 521 624 582 ferie
639 522 699 581 III:
723 525 804 583 sexto
825 538 899 581 auno
926 520 1112 581 embolismus
1138 537 1204 580 non.
1227 517 1320 594 April.
1347 517 1422 578 ferie
1436 517 1482 576 11:

348 626 469 699 septimo
484 642 558 685 anno
585 625 702 684 bissext.
726 623 815 682 VIIII
830 623 889 683 kal.
905 623 978 698 Apu.
993 622 1068 683 forie
1082 623 1139 682 VI:
1163 625 1263 682 octauo
1284 639 1358 680 anno
1385 622 1484 681 embo-

349 728 451 788 lismus
478 726 569 802 pridie
596 728 661 786 idue
687 726 781 802 April.
806 726 879 786 feris
902 724 938 784 V.
961 743 1025 786 eeoe
1053 711 1161 801 itaque,
1187 724 1325 800 quomodo
1352 723 1485 798 superius

349 831 576 903 eompnteuImus
602 831 677 903 quod
703 834 770 904 post
792 847 881 889 anuos
904 831 968 889 ooto
984 829 1010 889 V
1026 829 1083 890 kal.
1100 831 1171 908 Apu.
1188 830 1291 887 iterum
1307 829 1426 887 inuenta
1441 832 1487 887 est

327 932 402 993 sXV
417 933 495 992 luna.
519 933 562 992 sio
587 933 653 1006 post
678 949 768 991 ennos
795 935 858 992 oeto
887 931 980 1006 pridie
1006 932 1071 992 idus
1097 933 1167 1006 Apr.
1196 932 1315 990 inuenta
1336 933 1383 991 est
1397 929 1487 988 XIIII
1564 998 1569 1008 Ι

347 1036 416 1093 que
442 1039 472 1093 ot
497 1035 568 1094 feris
593 1052 649 1095 non
675 1034 801 1095 seeundo
826 1035 965 1108 quomodo
992 1037 1058 1094 ente
1083 1037 1134 1094 sed
1160 1035 1261 1109 quinta
1285 1035 1331 1094 est
1356 1033 1484 1093 iuuenta.

347 1139 377 1197 et
393 1136 456 1196 ideo
472 1138 625 1197 seeundum
640 1139 762 1197 eundem
784 1135 916 1211 piueoem
940 1154 997 1196 non
1012 1153 1063 1211 per
1078 1139 1140 1196 ooto
1156 1153 1245 1196 annos
1261 1137 1313 1194 sed
1327 1151 1378 1210 per
1393 1152 1483 1195 annos

348 1239 474 1298 sedeoIm
490 1241 526 1297 ad
545 1238 621 1299 diem
647 1255 731 1298 suum
758 1239 884 1312 primum
900 1240 993 1298 redito
1009 1240 1201 1299 ostendimus:
1225 1241 1254 1298 et
1269 1239 1300 1297 in
1315 1255 1347 1298 eo
1362 1237 1486 1297 bissexti
1537 1272 1538 1277 κ

350 1359 439 1400 annos
455 1343 608 1401 seeundum
624 1358 739 1401 euusum
754 1342 825 1401 solis
841 1342 904 1402 sine
919 1359 1013 1402 errore
1029 1341 1223 1416 Ignorantium
1239 1342 1411 1400 notauimus.
1437 1339 1486 1413 qui

315 1465 341 1505 no
351 1448 381 1503 et
395 1446 456 1518 ipso
473 1444 541 1502 XVI
555 1443 639 1503 annis
658 1443 802 1518 suppletis
825 1445 894 1502 lieet
909 1445 945 1502 ed
967 1446 1077 1502 certum
1093 1444 1168 1502 diem
1184 1462 1267 1502 suum
1280 1443 1408 1502 immisso
1424 1459 1484 1501 em-

348 1546 468 1606 bolismo
496 1563 559 1606 oum
573 1545 661 1604 XIIII
676 1545 745 1604 lune
773 1545 907 1615 ooouruit,
935 1547 1031 1603 tamen
1057 1546 1093 1603 ed
1119 1545 1273 1604 seeundum
1298 1543 1400 1603 seriem
1426 1559 1482 1601 nou

350 1649 475 1708 occurrit
500 1649 550 1707 sed
576 1647 613 1707 ad
636 1647 769 1722 primam.
792 1648 834 1706 sio
861 1663 951 1718 aequus
977 1647 1102 1707 secunde
1129 1647 1326 1707 sedecennites
1352 1645 1487 1719 suppleta
1528 1655 1529 1658 ’

351 1750 476 1809 ooeurrit
502 1751 539 1808 ed
561 1748 714 1822 septimam
737 1748 847 1820 feriam,
876 1749 966 1808 tertia
980 1766 1048 1809 uero
1064 1751 1137 1808 ferie
1154 1753 1245 1821 sexte,
1271 1751 1376 1822 quarto
1391 1749 1487 1806 eutem

350 1851 425 1910 foria
452 1852 561 1924 quintu.
595 1851 697 1923 quinta
724 1851 922 1910 sedeeeunuitas
948 1850 1021 1910 feria
1046 1854 1158 1924 quarta,
1185 1852 1267 1909 sexta
1288 1848 1487 1908 sedecennites

315 1974 341 2012 ns
351 1953 424 2012 ferte
439 1955 551 2025 quarte,
568 1954 690 2027 septima
707 1957 814 2024 eutem,
830 1971 895 2013 oum
911 1953 1091 2027 suppleuorit
1111 1970 1201 2012 unnos
1216 1952 1304 2024 CXII,
1331 1951 1487 2009 reuertItur

348 2057 384 2113 ad
408 2055 499 2128 pridie
514 2054 553 2112 id.
570 2057 640 2128 Apr.
657 2058 687 2113 et
707 2054 854 2114 inuenitur
875 2055 946 2113 luna
960 2054 1049 2111 XIIII
1063 2063 1093 2112 ot
1113 2054 1185 2113 ferio
1200 2053 1241 2114 11.
1264 2054 1296 2111 hi
1323 2069 1391 2126 ergo
1417 2055 1487 2110 sunt

353 2159 421 2216 anni
438 2157 515 2215 exn
531 2156 561 2214 in
588 2157 692 2230 quibus
718 2160 856 2231 gyrantes
883 2160 913 2216 ot
928 2174 945 2214 e
960 2157 1051 2230 primo
1073 2155 1119 2215 die
1140 2157 1266 2215 Paschae
1289 2155 1440 2214 obseuueto
1456 2153 1486 2211 in

352 2260 484 2333 Aegypto
501 2262 701 2331 computantes
717 2274 809 2317 annos
824 2274 916 2332 usque
938 2259 975 2316 ad
991 2257 1136 2317 Christum
1152 2256 1345 2331 perueuimus,
1366 2258 1397 2314 et
1412 2255 1486 2316 diem

351 2362 493 2435 passionis
509 2364 539 2420 et
554 2360 771 2421 resurrectionis
788 2361 850 2420 eius.
867 2359 1054 2421 ostendimus.

312 2478 338 2518 so
391 2463 476 2521 Prius
491 2466 647 2521 esttamen
662 2466 695 2521 ut
710 2462 837 2536 reliquos
852 2480 943 2520 annos
963 2465 1027 2522 ooto
1043 2461 1153 2535 pinuois
1169 2462 1413 2519 demonstremus:
1437 2459 1516 2517 us·8

348 2582 403 2636 que
429 2565 458 2622 in
486 2567 617 2624 ocenum
643 2565 720 2624 enim
746 2563 985 2636 eomputsuimus.
1019 2581 1092 2624 nouo
1118 2563 1215 2636 itaque
1240 2580 1314 2622 anno
1344 2560 1487 2621 communi

417 2795 530 2863 lepril.
549 2809 633 2848 om.o
723 2795 902 2847 sexto...12
919 2796 988 2849 Ionia
1006 2795 1045 2848 VI
1063 2812 1147 2850 onec
1238 2797 1421 2851 2bissextum
1440 2797 1487 2850 sed

349 2880 484 2934 oomnnuni
502 2879 660 2933 embolismo
679 2878 706 2932 ΙΙ
724 2879 761 2932 id.
781 2895 836 2948 apr.
855 2881 872 2931 b
1012 2881 1029 2935 3
1047 2896 1106 2935 eece
1124 2881 1227 2951 itaque]
1246 2885 1274 2934 ot
1292 2885 1420 2949 coetuque
1438 2900 1453 2937 o

347 2967 447 3032 epost
465 2981 513 3018 ooo
534 2965 549 3017 b
659 2980 728 3018 enno
747 2968 843 3018 octauo
861 2965 928 3017 VIII
946 2966 1001 3019 kal.
1019 2982 1075 3034 apr.
1094 2985 1109 3022 c
1221 2969 1325 3022 benno
1344 2971 1440 3022 octauo
1459 2969 1488 3021 11

349 3050 419 3105 ido
497 3054 640 3104 estmoe
718 3052 790 3120 dot]
811 3052 892 3104 sodb
972 3069 1025 3106 uon
1044 3068 1129 3108 oute
1207 3054 1338 3121 quomodo
1357 3058 1420 3107 unte
1443 3054 1486 3118 W,

348 3135 482 3202 quomodo
495 3152 517 3198 o,
535 3135 614 3188 ontb
683 3136 698 3187 'i
717 3136 864 3190 secuudum
879 3153 903 3194 e.
917 3153 942 3206 p.
962 3140 1070 3206 scripsi,
1090 3138 1152 3191 XIV
1170 3139 1262 3192 lunam
1281 3139 1375 3194 eodem
1394 3141 1488 3208 pinece

353 3220 399 3283 W,
416 3235 471 3273 non
488 3220 558 3273 hune
577 3220 668 3274 eodem
687 3221 810 3289 pineeenn
829 3238 850 3284 c,
871 3224 944 3277 huno
962 3223 1083 3277 eumdem
1101 3225 1224 3293 piuuoenn
1242 3227 1257 3279 b
1339 3242 1424 3279 annos
1442 3226 1488 3279 sod

349 3322 396 3374 per
415 3321 498 3359 anuos
515 3304 628 3359 sedecim
646 3305 690 3374 ed]
710 3305 756 3360 sed
775 3306 911 3363 deeiunuo
992 3310 1009 3362 8
1027 3309 1056 3363 in
1075 3311 1115 3380 oo]
1135 3309 1194 3364 ideo
1212 3312 1228 3365 b
1306 3313 1323 3365 9
1342 3311 1487 3366 seeundum

348 3407 455 3445 cursum
475 3391 541 3445 solis
559 3408 642 3445 onte
772 3394 806 3446 10
824 3392 889 3446 XVI
908 3410 969 3448 eun.
989 3412 1011 3457 o,
1029 3394 1093 3447 XVI
1112 3395 1166 3448 deo.
1185 3396 1304 3449 ennusb
1426 3413 1488 3464 sup-

347 3476 438 3545 pletus
456 3478 486 3530 to
601 3477 716 3545 eertum]
734 3478 874 3531 eoelumb
990 3479 1113 3534 immisso
1135 3481 1181 3544 W,
1199 3481 1227 3533 in
1246 3481 1277 3536 bc
1394 3482 1427 3534 11
1446 3483 1488 3533 to·

349 3564 590 3616 meu...ooourrit
607 3579 691 3618 otoo
803 3563 919 3617 secunde
937 3564 1041 3620 feriet
1151 3567 1185 3620 12
1201 3565 1322 3634 priseae
1426 3583 1489 3636 sup-

349 3647 408 3715 plet
426 3649 580 3702 oecurrete
684 3648 719 3701 13
736 3648 957 3702 tertIe...ferie
975 3653 1072 3717 quintu
1089 3666 1174 3706 ense
1284 3654 1318 3706 14
1335 3652 1489 3706 sedecenni-

349 3734 394 3785 tee
413 3731 533 3786 ostendit
550 3731 632 3786 fest
746 3733 815 3787 ferte
835 3737 933 3801 qnerts
951 3738 1027 3788 sexte
1045 3737 1227 3791 sedeoennites
1245 3752 1329 3792 orote
1444 3738 1488 3792 de·

349 3819 505 3872 oonnitssb
629 3818 663 3872 15
681 3818 799 3887 septime
817 3818 921 3888 eutem]
940 3822 1113 3890 septimplum
1131 3822 1271 3891 tempueb
1393 3823 1488 3891 imple·

349 3903 421 3955 uerit
439 3902 558 3956 ennusb
657 3903 920 3959 leudunense>
1013 3907 1162 3974 iunouitur]
1181 3907 1290 3962 uenite
1389 3913 1488 3975 quarte

350 3988 455 4041 decium
473 3990 501 4041 et
519 3988 633 4045 seeundo
650 3988 751 4044 feriet
888 3991 921 4044 17
942 3989 1019 4045 CXII
1036 3991 1065 4045 in
1083 4007 1167 4047 oete
1293 3993 1452 4062 gyrentisb

350 4072 385 4126 ed
403 4072 475 4128 dtem
493 4074 642 4142 prtmumb
751 4074 946 4131 obsometeeb
1059 4078 1093 4131 18
1110 4093 1193 4132 annos
1212 4081 1401 4148 computantes
1419 4095 1451 4134 eo

349 4175 434 4213 eone.
454 4176 468 4214 e
648 4161 868 4230 perueniemuso
1051 4164 1085 4217 19
1103 4166 1130 4218 et
1147 4163 1348 4220 resurrectionis
1367 4180 1418 4221 een.
1437 4181 1452 4220 c

350 4245 385 4298 20
403 4246 489 4314 primo
506 4249 539 4300 ut
557 4246 676 4316 reliquus
694 4262 781 4302 eunus
799 4247 867 4302 VIII
886 4248 994 4316 piueees
1012 4267 1027 4305 c
1130 4250 1164 4304 21
1183 4252 1354 4306 eommuueb
