3720 4920
402 360 465 426 238
877 352 1060 422 Appendix.

403 518 511 576 stolus:
543 513 769 587 stipendium
792 513 938 586 peccati
961 528 1056 571 mors
1078 513 1142 569 est.
1177 526 1248 582 quiae
1278 509 1375 566 mors?
1398 504 1535 578 corporis,

404 637 489 692 quam
505 617 593 676 solam
620 616 768 675 minitatur
794 619 824 673 et
848 617 955 673 inferre
981 616 1077 687 potest
1102 616 1240 686 tyrannus
1256 613 1363 669 homo?
1395 625 1460 679 uon,
1484 608 1534 666 sed

402 739 476 780 mors
488 721 632 794 gehenuae
644 736 716 792 quae
728 718 811 776 finem
825 718 925 777 nescit.
944 718 1010 790 ulus
1022 719 1118 789 potest
1129 716 1211 774 homo
1222 717 1362 787 tyrannus
1374 729 1459 786 quam
1471 710 1535 770 dia·

405 822 497 882 bolus.
515 822 564 879 ille
579 821 782 894 quodammodo
798 820 876 891 cogit
890 818 1015 877 hominis
1030 820 1171 888 naturam,
1195 817 1242 873 hic
1257 814 1330 873 nihil
1345 813 1424 871 aliud
1439 815 1536 885 potest

403 940 489 996 quam
503 921 673 981 sollicitare:
697 920 806 980 deicere
828 938 884 978 nou
901 922 995 992 potest
1010 919 1068 977 nisi
1083 917 1266 988 assentiaris,
1289 915 1474 975 contemsisse
1491 915 1556 972 ui·a

402 1025 475 1084 cisse
490 1027 544 1083 est.

357 1123 397 1183 26
451 1127 541 1186 linior
556 1127 650 1199 itariae
666 1125 749 1184 uenia
764 1127 884 1183 debetur
898 1124 1042 1182 Christum
1060 1125 1088 1181 in
1104 1123 1251 1183 tormentis
1273 1122 1428 1195 abneganti
1450 1138 1535 1195 quam

403 1231 504 1301 sponte
526 1227 695 1286 assentienti
717 1227 850 1299 diabolo,
878 1226 925 1284 cni
948 1227 1102 1286 credidisse
1127 1229 1171 1285 ost
1196 1226 1339 1284 Christum
1364 1228 1534 1297 abnegasse.

401 1330 450 1389 ille
466 1333 586 1389 mendax
601 1333 646 1388 est
660 1333 690 1388 et
705 1329 796 1387 omnis
811 1330 952 1388 mendacii
968 1332 1060 1402 pater,
1088 1332 1117 1387 et
1131 1328 1209 1387 illius
1225 1329 1364 1401 promissa
1380 1329 1532 1400 quantum·

401 1449 519 1505 cumque
546 1433 638 1491 fronte
664 1431 848 1490 blandiantur
872 1429 944 1489 nihil
968 1430 1047 1489 aliud
1070 1434 1137 1488 sunt
1158 1449 1241 1504 quiam
1257 1431 1430 1505 praestigiae
1446 1430 1569 1502 pelli-ro

350 1553 352 1558 ¹
402 1535 510 1594 cientes
532 1537 562 1593 in
578 1537 703 1594 exitium.
728 1553 762 1592 ne
778 1534 843 1606 quis
858 1536 953 1607 itaque
968 1535 1010 1592 sic
1026 1533 1081 1591 sibi
1098 1534 1274 1591 blandiatur:
1297 1523 1372 1591 ‘sum
1389 1539 1533 1607 peccator,

403 1739 516 1796 deditus
537 1757 599 1796 sum
623 1739 833 1810 uoluptatibus:
859 1738 909 1796 sed
925 1736 1070 1795 Christum
1094 1755 1148 1794 nou
1164 1721 1324 1808 abuegaui'.
1350 1741 1381 1795 at
1396 1737 1534 1796 reclamat

403 1839 456 1898 tibi
473 1840 610 1898 Dominus
627 1840 702 1912 ipse:
719 1857 785 1898 non
801 1843 905 1912 potes
929 1840 1017 1896 duros
1039 1839 1198 1896 dominos
1221 1839 1350 1897 colere.
1374 1843 1403 1896 ot
1419 1839 1532 1897 interim

403 1944 501 2001 borres
524 1942 741 2001 abominandum
762 1942 899 2000 turificati
922 1945 974 2000 ant
993 1941 1118 1999 libellati
1134 1958 1306 2013 cognomen,
1334 1943 1392 2013 ipse
1410 1943 1532 2001 fortasse
1545 1957 1568 1994 a

403 2045 552 2102 turificatis
568 2049 617 2103 ant
631 2044 769 2102 libellatis
785 2044 919 2101 deterior.
936 2044 1001 2102 illos
1019 2044 1157 2101 humanus
1173 2048 1264 2101 metus
1280 2044 1431 2101 uiolentior
1446 2061 1533 2116 quam

403 2148 435 2202 ut
450 2145 572 2204 hominis
594 2149 696 2203 natura
725 2147 817 2219 possit
843 2146 954 2202 uincere
970 2164 1003 2201 eur
1020 2147 1173 2217 compulit,
1201 2149 1232 2202 ιιι
1247 2145 1350 2217 impias
1366 2162 1450 2205 uoces
1466 2163 1532 2217 pro-

403 2251 483 2305 mant
507 2248 606 2321 lingua
633 2250 804 2306 reclamante
831 2247 1022 2305 conscientia:
1045 2250 1078 2304 ιιι
1104 2250 1163 2304 tam
1191 2247 1242 2304 uili
1266 2247 1428 2306 mercedula
1450 2248 1532 2307 solli·

403 2348 509 2406 citatus
535 2354 635 2421 sponte
662 2349 758 2407 deiicis
785 2350 821 2407 ad
847 2368 928 2421 uum,
956 2351 1075 2407 accius
1099 2349 1248 2421 tyrannide
1275 2353 1303 2407 to
1327 2349 1459 2407 Christus
1482 2368 1534 2409 suo

402 2451 541 2522 sanguiue
557 2451 691 2509 redemit:
715 2452 795 2509 euius
812 2451 867 2509 iam
883 2454 961 2509 totus
977 2468 1008 2509 ea
1025 2452 1135 2523 factus,
1161 2454 1393 2525 quemadmodum
1409 2454 1452 2510 ait
1466 2470 1532 2524 apo·
1545 2466 1571 2505 ao

402 2552 510 2610 stolus:
545 2554 629 2611 emti
660 2553 755 2611 estis
787 2554 908 2626 pretio
940 2571 1084 2625 magno,
1118 2559 1154 2611 ot
1181 2554 1246 2611 iam
1270 2572 1336 2612 uon
1359 2555 1453 2612 estis
1476 2572 1533 2612 ue·

403 2654 484 2712 stri.
509 2655 592 2713 burins
615 2653 747 2714 militiam
769 2654 916 2727 professus
933 2672 964 2713 os
980 2657 1015 2713 ad
1032 2655 1159 2714 salutare
1174 2656 1328 2725 lauacrnm,
1345 2656 1413 2714 huic
1428 2657 1535 2716 dedisti

403 2773 514 2826 nomen,
531 2756 615 2814 huius
631 2757 816 2815 sacramentis
833 2757 965 2814 initiatus
981 2774 1022 2826 os,
1047 2759 1182 2830 accepisti
1205 2758 1369 2817 donatiuum
1386 2762 1415 2816 ot
1430 2759 1536 2833 pignus

401 2858 532 2930 spiritus,
556 2859 680 2931 nequid
703 2859 850 2916 dubitares
873 2859 907 2915 de
934 2858 1073 2930 promisso
1097 2860 1247 2932 stipendio,
1264 2859 1405 2931 simulque
1422 2861 1535 2919 diabolo

401 2959 576 3019 denuntiasti
603 2963 754 3031 perpetuas
777 2960 953 3032 inimicitias,
983 2961 1156 3018 renunciasti
1181 2962 1311 3018 omuibus
1327 2961 1404 3018 illius
1423 2964 1534 3034 pompis
1544 2978 1569 3016 ιι

401 3079 434 3120 ac
450 3061 656 3135 uoluptatibus,
681 3059 854 3130 exsufflasti,
882 3061 1053 3134 exsibilasti,
1082 3063 1183 3121 iurasti
1201 3063 1230 3120 in
1248 3065 1335 3122 uerba
1350 3066 1534 3124 redemtoris:

404 3181 523 3236 cumque
539 3167 583 3223 tot
598 3164 679 3222 uitiis
695 3165 816 3235 seruies,
840 3163 895 3223 tibi
912 3167 1007 3237 places
1023 3166 1099 3237 quod
1113 3167 1235 3224 nondum
1252 3167 1291 3223 sia
1307 3167 1469 3227 turificatus
1486 3172 1536 3226 aut

403 3265 559 3324 libellatus.

348 3364 388 3420 27
443 3366 473 3424 si
496 3367 560 3441 quis
586 3368 667 3425 miles
694 3368 805 3426 iuratus
828 3367 857 3425 in
885 3370 973 3427 uerba
989 3369 1120 3428 Caesarie
1135 3371 1297 3444 profugeret
1314 3372 1351 3428 ad
1367 3371 1489 3430 Tuccam
1507 3374 1536 3430 at

401 3485 435 3526 ex
460 3469 538 3527 illius
562 3470 679 3529 arbitrio
701 3470 808 3530 faceret
826 3489 862 3530 ea
879 3489 951 3545 quae
967 3472 1055 3530 sciret
1070 3472 1265 3545 ingratissima
1280 3473 1411 3544 Caesari,
1441 3489 1569 3535 nornen

400 3574 618 3645 comprehensus
641 3575 675 3632 ad
699 3573 872 3647 supplicium
899 3580 1049 3647 raperetur
1064 3577 1097 3632 ut
1120 3577 1256 3645 desertor,
1283 3580 1316 3633 ut
1331 3577 1473 3648 periurus,
1503 3581 1534 3636 ut

399 3675 545 3747 perfuga?
574 3675 638 3749 quis
664 3678 758 3735 antem
786 3676 899 3735 audiret
925 3694 988 3736 eum
1014 3677 1057 3734 ita
1088 3693 1119 3734 se
1150 3677 1347 3737 defendentem
1374 3667 1443 3738 ‘non
1469 3698 1534 3739 sum

400 3776 543 3847 desertor,
567 3795 622 3837 non
645 3778 786 3852 abnegaui
811 3763 982 3838 Caesarem'.
1009 3796 1102 3837 annon
1126 3797 1189 3838 mox
1210 3781 1322 3838 audiret
1350 3772 1430 3852 ‘quid
1446 3781 1534 3842 refert

401 3877 427 3936 si
442 3878 541 3953 lingua
556 3881 666 3939 tacuit?
690 3881 796 3954 reipsa
811 3882 976 3955 abnegasti,
993 3885 1022 3940 et
1044 3882 1193 3955 plusquam
1214 3882 1377 3957 abnegasti,
1404 3883 1454 3957 qui
1476 3904 1531 3944 nou

401 3981 492 4040 solum
516 3983 675 4041 deserueris
697 3983 845 4055 militiam,
871 4002 969 4042 uerum
984 3986 1070 4043 etiam
1087 3986 1124 4042 ad
1139 3989 1289 4059 tyrannum
1305 3990 1335 4044 et
1350 3988 1460 4044 hostem
1476 3988 1530 4045 im·
1541 4004 1565 4041 :a

470 4225 484 4275 1
504 4224 578 4278 eom.
598 4226 623 4288 e,
641 4226 681 4279 aa
788 4228 819 4278 14
838 4226 937 4280 unua.
957 4228 982 4295 e,
1000 4228 1043 4282 24.
1155 4230 1184 4280 m
1208 4229 1219 4280 1
1239 4230 1299 4282 cor.
1317 4229 1342 4291 e,
1361 4228 1402 4281 ao.
