<?xml version="1.0" encoding="UTF-8"?>
<!DOCTYPE html PUBLIC "-//W3C//DTD XHTML 1.0 Transitional//EN"
    "http://www.w3.org/TR/xhtml1/DTD/xhtml1-transitional.dtd">
<html xmlns="http://www.w3.org/1999/xhtml" xml:lang="en" lang="en">
 <head>
  <title>
</title>
<meta http-equiv="Content-Type" content="text/html;charset=utf-8" />
  <meta name='ocr-system' content='tesseract 3.04.00' />
  <meta name='ocr-capabilities' content='ocr_page ocr_carea ocr_par ocr_line ocrx_word'/>
</head>
<body>
  <div class='ocr_page' id='page_1' title='image "./sthascicaecilic00cyprgoog_0155.png"; bbox 0 0 3720 4920; ppageno 0'>
   <div class='ocr_carea' id='block_1_1' title="bbox 385 350 1063 438">
    <p class='ocr_par' dir='ltr' id='par_1_1' title="bbox 385 350 1063 438">
     <span class='ocr_line' id='line_1_1' title="bbox 385 350 1063 438; baseline -0.004 -14"><span class='ocrx_word' id='word_1_1' title='bbox 385 350 441 435; x_wconf 56' lang='grc' dir='ltr'><strong>ν24</strong></span> <span class='ocrx_word' id='word_1_2' title='bbox 876 366 1063 438; x_wconf 69' lang='lat' dir='ltr'><strong>Appendix„</strong></span> 
     </span>
    </p>
   </div>
   <div class='ocr_carea' id='block_1_2' title="bbox 348 524 1571 2619">
    <p class='ocr_par' dir='ltr' id='par_1_2' title="bbox 348 524 1571 2619">
     <span class='ocr_line' id='line_1_2' title="bbox 398 524 1537 599; baseline 0.004 -16"><span class='ocrx_word' id='word_1_3' title='bbox 398 526 532 585; x_wconf 78' lang='lat' dir='ltr'>humeros</span> <span class='ocrx_word' id='word_1_4' title='bbox 547 528 678 599; x_wconf 91' lang='lat' dir='ltr'><strong>premant</strong></span> <span class='ocrx_word' id='word_1_5' title='bbox 692 528 722 585; x_wconf 92' lang='lat' dir='ltr'><strong>et</strong></span> <span class='ocrx_word' id='word_1_6' title='bbox 740 524 881 584; x_wconf 82' lang='lat' dir='ltr'><strong>luxuriam</strong></span> <span class='ocrx_word' id='word_1_7' title='bbox 902 525 1059 586; x_wconf 80' lang='lat' dir='ltr'><strong>infeliciter</strong></span> <span class='ocrx_word' id='word_1_8' title='bbox 1074 544 1105 585; x_wconf 90' lang='lat' dir='ltr'><strong>se</strong></span> <span class='ocrx_word' id='word_1_9' title='bbox 1119 528 1208 588; x_wconf 89' lang='lat' dir='ltr'><strong>animi</strong></span> <span class='ocrx_word' id='word_1_10' title='bbox 1225 528 1359 588; x_wconf 88' lang='lat' dir='ltr'><strong>iactantis</strong></span> <span class='ocrx_word' id='word_1_11' title='bbox 1375 529 1537 588; x_wconf 84' lang='lat' dir='ltr'><strong>ostendant.</strong></span> 
     </span>
     <span class='ocr_line' id='line_1_3' title="bbox 397 627 1536 704; baseline 0.004 -18"><span class='ocrx_word' id='word_1_12' title='bbox 397 628 466 702; x_wconf 86' lang='lat' dir='ltr'><strong>quid</strong></span> <span class='ocrx_word' id='word_1_13' title='bbox 492 645 556 687; x_wconf 91' lang='lat' dir='ltr'><strong>cum</strong></span> <span class='ocrx_word' id='word_1_14' title='bbox 583 627 708 688; x_wconf 88' lang='lat' dir='ltr'><strong>ceruices</strong></span> <span class='ocrx_word' id='word_1_15' title='bbox 734 627 892 702; x_wconf 75' lang='lat' dir='ltr'><strong>peregrinis</strong></span> <span class='ocrx_word' id='word_1_16' title='bbox 917 628 1062 701; x_wconf 80' lang='lat' dir='ltr'><strong>lapidibus</strong></span> <span class='ocrx_word' id='word_1_17' title='bbox 1089 632 1229 704; x_wconf 81' lang='lat' dir='ltr'><strong>urgentur</strong></span> <span class='ocrx_word' id='word_1_18' title='bbox 1259 633 1290 690; x_wconf 92' lang='lat' dir='ltr'><strong>et</strong></span> <span class='ocrx_word' id='word_1_19' title='bbox 1313 631 1536 703; x_wconf 87' lang='lat' dir='ltr'><strong>absconduntur,</strong></span> 
     </span>
     <span class='ocr_line' id='line_1_4' title="bbox 397 729 1536 804; baseline 0.004 -16"><span class='ocrx_word' id='word_1_20' title='bbox 397 746 518 803; x_wconf 89' lang='lat' dir='ltr'><strong>quorum</strong></span> <span class='ocrx_word' id='word_1_21' title='bbox 544 729 639 804; x_wconf 87' lang='lat' dir='ltr'><strong>pretia</strong></span> <span class='ocrx_word' id='word_1_22' title='bbox 663 730 750 789; x_wconf 88' lang='lat' dir='ltr'><strong>otiam</strong></span> <span class='ocrx_word' id='word_1_23' title='bbox 775 730 836 790; x_wconf 89' lang='lat' dir='ltr'><strong>sine</strong></span> <span class='ocrx_word' id='word_1_24' title='bbox 862 731 972 789; x_wconf 88' lang='lat' dir='ltr'><strong>artibus</strong></span> <span class='ocrx_word' id='word_1_25' title='bbox 993 732 1190 792; x_wconf 84' lang='lat' dir='ltr'><strong>kalendarium</strong></span> <span class='ocrx_word' id='word_1_26' title='bbox 1223 734 1350 793; x_wconf 88' lang='lat' dir='ltr'><strong>cuiusuis</strong></span> <span class='ocrx_word' id='word_1_27' title='bbox 1375 734 1536 793; x_wconf 75' lang='lat' dir='ltr'><strong>excedunt?</strong></span> 
     </span>
     <span class='ocr_line' id='line_1_5' title="bbox 397 831 1536 909; baseline 0.005 -21"><span class='ocrx_word' id='word_1_28' title='bbox 397 848 455 890; x_wconf 93' lang='lat' dir='ltr'><strong>non</strong></span> <span class='ocrx_word' id='word_1_29' title='bbox 476 834 594 891; x_wconf 89' lang='lat' dir='ltr'><strong>ornatur</strong></span> <span class='ocrx_word' id='word_1_30' title='bbox 613 831 726 902; x_wconf 85' lang='lat' dir='ltr'><strong>mulier,</strong></span> <span class='ocrx_word' id='word_1_31' title='bbox 747 834 797 890; x_wconf 90' lang='lat' dir='ltr'><strong>sed</strong></span> <span class='ocrx_word' id='word_1_32' title='bbox 818 832 891 891; x_wconf 90' lang='lat' dir='ltr'><strong>uitia</strong></span> <span class='ocrx_word' id='word_1_33' title='bbox 911 833 1040 893; x_wconf 87' lang='lat' dir='ltr'><strong>mulieris</strong></span> <span class='ocrx_word' id='word_1_34' title='bbox 1062 836 1267 894; x_wconf 90' lang='lat' dir='ltr'><strong>ostenduntur.</strong></span> <span class='ocrx_word' id='word_1_35' title='bbox 1290 835 1437 909; x_wconf 86' lang='lat' dir='ltr'><strong>quidcem</strong></span> <span class='ocrx_word' id='word_1_36' title='bbox 1453 835 1536 908; x_wconf 72' lang='lat' dir='ltr'><strong>digiti</strong></span> 
     </span>
     <span class='ocr_line' id='line_1_6' title="bbox 396 933 1555 1009; baseline 0.005 -19"><span class='ocrx_word' id='word_1_37' title='bbox 396 933 449 991; x_wconf 91' lang='lat' dir='ltr'><strong>tali</strong></span> <span class='ocrx_word' id='word_1_38' title='bbox 470 950 540 992; x_wconf 90' lang='lat' dir='ltr'><strong>auro</strong></span> <span class='ocrx_word' id='word_1_39' title='bbox 561 933 672 994; x_wconf 87' lang='lat' dir='ltr'><strong>onerati</strong></span> <span class='ocrx_word' id='word_1_40' title='bbox 691 951 744 993; x_wconf 93' lang='lat' dir='ltr'><strong>nec</strong></span> <span class='ocrx_word' id='word_1_41' title='bbox 763 933 871 993; x_wconf 87' lang='lat' dir='ltr'><strong>intrare</strong></span> <span class='ocrx_word' id='word_1_42' title='bbox 891 937 1012 1005; x_wconf 91' lang='lat' dir='ltr'><strong>possunt</strong></span> <span class='ocrx_word' id='word_1_43' title='bbox 1027 952 1079 995; x_wconf 91' lang='lat' dir='ltr'><strong>uec</strong></span> <span class='ocrx_word' id='word_1_44' title='bbox 1099 937 1219 1009; x_wconf 76' lang='lat' dir='ltr'><strong>egredi?</strong></span> <span class='ocrx_word' id='word_1_45' title='bbox 1242 941 1337 995; x_wconf 85' lang='lat' dir='ltr'><strong>utrum</strong></span> <span class='ocrx_word' id='word_1_46' title='bbox 1359 954 1428 996; x_wconf 86' lang='lat' dir='ltr'><strong>usus</strong></span> <span class='ocrx_word' id='word_1_47' title='bbox 1449 953 1555 1009; x_wconf 77' lang='lat' dir='ltr'><strong>expo-s</strong></span> 
     </span>
     <span class='ocr_line' id='line_1_7' title="bbox 396 1034 1536 1118; baseline 0.003 -25"><span class='ocrx_word' id='word_1_48' title='bbox 396 1035 452 1093; x_wconf 88' lang='lat' dir='ltr'><strong>scit</strong></span> <span class='ocrx_word' id='word_1_49' title='bbox 478 1052 516 1094; x_wconf 91' lang='lat' dir='ltr'><strong>an</strong></span> <span class='ocrx_word' id='word_1_50' title='bbox 536 1034 772 1108; x_wconf 75' lang='lat' dir='ltr'><strong>patrimoniorum</strong></span> <span class='ocrx_word' id='word_1_51' title='bbox 797 1035 892 1094; x_wconf 89' lang='lat' dir='ltr'><strong>inanis</strong></span> <span class='ocrx_word' id='word_1_52' title='bbox 918 1051 1022 1109; x_wconf 81' lang='lat' dir='ltr'><strong>pompe</strong></span> <span class='ocrx_word' id='word_1_53' title='bbox 1042 1041 1241 1097; x_wconf 76' lang='lat' dir='ltr'><strong>monstratur?</strong></span> <span class='ocrx_word' id='word_1_54' title='bbox 1264 1037 1366 1118; x_wconf 89' lang='lat' dir='ltr'><strong>mirum</strong></span> <span class='ocrx_word' id='word_1_55' title='bbox 1381 1037 1536 1112; x_wconf 81' lang='lat' dir='ltr'><strong>negotium,</strong></span> 
     </span>
     <span class='ocr_line' id='line_1_8' title="bbox 398 1136 1536 1199; baseline 0.004 -6"><span class='ocrx_word' id='word_1_56' title='bbox 398 1136 533 1196; x_wconf 88' lang='lat' dir='ltr'><strong>mulieres</strong></span> <span class='ocrx_word' id='word_1_57' title='bbox 547 1139 584 1197; x_wconf 90' lang='lat' dir='ltr'><strong>ad</strong></span> <span class='ocrx_word' id='word_1_58' title='bbox 608 1137 703 1196; x_wconf 91' lang='lat' dir='ltr'><strong>omnia</strong></span> <span class='ocrx_word' id='word_1_59' title='bbox 723 1136 861 1197; x_wconf 74' lang='lat' dir='ltr'><strong>dclimtae</strong></span> <span class='ocrx_word' id='word_1_60' title='bbox 881 1138 917 1197; x_wconf 88' lang='lat' dir='ltr'><strong>ad</strong></span> <span class='ocrx_word' id='word_1_61' title='bbox 931 1137 1067 1197; x_wconf 89' lang='lat' dir='ltr'><strong>uitiorum</strong></span> <span class='ocrx_word' id='word_1_62' title='bbox 1083 1139 1212 1199; x_wconf 76' lang='lat' dir='ltr'><strong>sarcines</strong></span> <span class='ocrx_word' id='word_1_63' title='bbox 1228 1139 1360 1199; x_wconf 81' lang='lat' dir='ltr'><strong>tortiores</strong></span> <span class='ocrx_word' id='word_1_64' title='bbox 1375 1142 1443 1198; x_wconf 90' lang='lat' dir='ltr'><strong>sunt</strong></span> <span class='ocrx_word' id='word_1_65' title='bbox 1458 1136 1536 1198; x_wconf 89' lang='lat' dir='ltr'><strong>uiris.</strong></span> 
     </span>
     <span class='ocr_line' id='line_1_9' title="bbox 348 1239 1537 1315; baseline 0 -18"><span class='ocrx_word' id='word_1_66' title='bbox 348 1247 388 1306; x_wconf 86' lang='lat'><strong>13</strong></span> <span class='ocrx_word' id='word_1_67' title='bbox 440 1239 496 1299; x_wconf 85' lang='lat' dir='ltr'><strong>Sed</strong></span> <span class='ocrx_word' id='word_1_68' title='bbox 517 1242 549 1298; x_wconf 90' lang='lat' dir='ltr'><strong>ut</strong></span> <span class='ocrx_word' id='word_1_69' title='bbox 569 1243 697 1313; x_wconf 81' lang='lat' dir='ltr'><strong>repetam</strong></span> <span class='ocrx_word' id='word_1_70' title='bbox 722 1258 794 1313; x_wconf 88' lang='lat' dir='ltr'><strong>qnae</strong></span> <span class='ocrx_word' id='word_1_71' title='bbox 815 1257 972 1315; x_wconf 75' lang='lat' dir='ltr'><strong>coeperam,</strong></span> <span class='ocrx_word' id='word_1_72' title='bbox 999 1242 1119 1301; x_wconf 90' lang='lat' dir='ltr'><strong>colende</strong></span> <span class='ocrx_word' id='word_1_73' title='bbox 1141 1258 1253 1315; x_wconf 88' lang='lat' dir='ltr'><strong>semper</strong></span> <span class='ocrx_word' id='word_1_74' title='bbox 1279 1247 1325 1302; x_wconf 89' lang='lat' dir='ltr'><strong>eet</strong></span> <span class='ocrx_word' id='word_1_75' title='bbox 1345 1239 1484 1315; x_wconf 83' lang='lat' dir='ltr'><strong>pudicitia</strong></span> <span class='ocrx_word' id='word_1_76' title='bbox 1507 1243 1537 1300; x_wconf 92' lang='lat' dir='ltr'><strong>et</strong></span> 
     </span>
     <span class='ocr_line' id='line_1_10' title="bbox 395 1339 1535 1413; baseline 0.001 -14"><span class='ocrx_word' id='word_1_77' title='bbox 395 1339 468 1399; x_wconf 88' lang='lat' dir='ltr'><strong>uiris</strong></span> <span class='ocrx_word' id='word_1_78' title='bbox 482 1342 512 1401; x_wconf 89' lang='lat' dir='ltr'><strong>et</strong></span> <span class='ocrx_word' id='word_1_79' title='bbox 527 1341 651 1413; x_wconf 84' lang='lat' dir='ltr'><strong>feminis,</strong></span> <span class='ocrx_word' id='word_1_80' title='bbox 667 1342 744 1400; x_wconf 93' lang='lat' dir='ltr'><strong>omni</strong></span> <span class='ocrx_word' id='word_1_81' title='bbox 757 1342 886 1401; x_wconf 90' lang='lat' dir='ltr'><strong>custodia</strong></span> <span class='ocrx_word' id='word_1_82' title='bbox 899 1344 1042 1401; x_wconf 89' lang='lat' dir='ltr'><strong>seruanda</strong></span> <span class='ocrx_word' id='word_1_83' title='bbox 1056 1349 1101 1401; x_wconf 83' lang='lat' dir='ltr'><strong>est</strong></span> <span class='ocrx_word' id='word_1_84' title='bbox 1112 1344 1190 1402; x_wconf 88' lang='lat' dir='ltr'><strong>intra</strong></span> <span class='ocrx_word' id='word_1_85' title='bbox 1207 1344 1313 1402; x_wconf 84' lang='lat' dir='ltr'><strong>limites</strong></span> <span class='ocrx_word' id='word_1_86' title='bbox 1328 1360 1405 1402; x_wconf 90' lang='lat' dir='ltr'><strong>suos.</strong></span> <span class='ocrx_word' id='word_1_87' title='bbox 1427 1342 1484 1401; x_wconf 92' lang='lat' dir='ltr'><strong>cito</strong></span> <span class='ocrx_word' id='word_1_88' title='bbox 1498 1341 1535 1400; x_wconf 90' lang='lat' dir='ltr'><strong>de</strong></span> 
     </span>
     <span class='ocr_line' id='line_1_11' title="bbox 395 1443 1566 1517; baseline 0.003 -17"><span class='ocrx_word' id='word_1_89' title='bbox 395 1444 499 1502; x_wconf 88' lang='lat' dir='ltr'><strong>natura</strong></span> <span class='ocrx_word' id='word_1_90' title='bbox 519 1445 646 1516; x_wconf 88' lang='lat' dir='ltr'><strong>corporis</strong></span> <span class='ocrx_word' id='word_1_91' title='bbox 671 1443 851 1516; x_wconf 89' lang='lat' dir='ltr'><strong>periclitatur</strong></span> <span class='ocrx_word' id='word_1_92' title='bbox 865 1445 895 1501; x_wconf 92' lang='lat' dir='ltr'><strong>in</strong></span> <span class='ocrx_word' id='word_1_93' title='bbox 916 1461 1042 1517; x_wconf 88' lang='lat' dir='ltr'><strong>corpore,</strong></span> <span class='ocrx_word' id='word_1_94' title='bbox 1069 1445 1137 1502; x_wconf 93' lang='lat' dir='ltr'><strong>dum</strong></span> <span class='ocrx_word' id='word_1_95' title='bbox 1157 1444 1235 1516; x_wconf 88' lang='lat' dir='ltr'><strong>rapit</strong></span> <span class='ocrx_word' id='word_1_96' title='bbox 1255 1444 1335 1502; x_wconf 90' lang='lat' dir='ltr'><strong>illam</strong></span> <span class='ocrx_word' id='word_1_97' title='bbox 1356 1460 1451 1503; x_wconf 88' lang='lat' dir='ltr'><strong>secum</strong></span> <span class='ocrx_word' id='word_1_98' title='bbox 1465 1459 1566 1504; x_wconf 77' lang='lat' dir='ltr'><strong>caroso</strong></span> 
     </span>
     <span class='ocr_line' id='line_1_12' title="bbox 395 1543 1531 1619; baseline 0.002 -19"><span class='ocrx_word' id='word_1_99' title='bbox 395 1559 470 1616; x_wconf 87' lang='lat' dir='ltr'><strong>qnae</strong></span> <span class='ocrx_word' id='word_1_100' title='bbox 485 1560 596 1617; x_wconf 87' lang='lat' dir='ltr'><strong>semper</strong></span> <span class='ocrx_word' id='word_1_101' title='bbox 611 1544 642 1602; x_wconf 91' lang='lat' dir='ltr'><strong>iu</strong></span> <span class='ocrx_word' id='word_1_102' title='bbox 656 1543 739 1617; x_wconf 88' lang='lat' dir='ltr'><strong>lapsu</strong></span> <span class='ocrx_word' id='word_1_103' title='bbox 753 1546 808 1603; x_wconf 90' lang='lat' dir='ltr'><strong>ost.</strong></span> <span class='ocrx_word' id='word_1_104' title='bbox 831 1545 884 1603; x_wconf 92' lang='lat' dir='ltr'><strong>sub</strong></span> <span class='ocrx_word' id='word_1_105' title='bbox 899 1547 1046 1618; x_wconf 81' lang='lat' dir='ltr'><strong>praetexto</strong></span> <span class='ocrx_word' id='word_1_106' title='bbox 1062 1545 1167 1619; x_wconf 89' lang='lat' dir='ltr'><strong>quippe</strong></span> <span class='ocrx_word' id='word_1_107' title='bbox 1182 1549 1300 1604; x_wconf 90' lang='lat' dir='ltr'><strong>naturae</strong></span> <span class='ocrx_word' id='word_1_108' title='bbox 1315 1562 1387 1619; x_wconf 84' lang='lat' dir='ltr'><strong>qrrco</strong></span> <span class='ocrx_word' id='word_1_109' title='bbox 1403 1545 1531 1603; x_wconf 89' lang='lat' dir='ltr'><strong>homines</strong></span> 
     </span>
     <span class='ocr_line' id='line_1_13' title="bbox 396 1646 1534 1720; baseline 0.003 -19"><span class='ocrx_word' id='word_1_110' title='bbox 396 1659 509 1716; x_wconf 89' lang='lat' dir='ltr'><strong>semper</strong></span> <span class='ocrx_word' id='word_1_111' title='bbox 534 1647 638 1718; x_wconf 82' lang='lat' dir='ltr'><strong>urguet</strong></span> <span class='ocrx_word' id='word_1_112' title='bbox 663 1646 700 1704; x_wconf 89' lang='lat' dir='ltr'><strong>ad</strong></span> <span class='ocrx_word' id='word_1_113' title='bbox 720 1647 853 1716; x_wconf 82' lang='lat' dir='ltr'><strong>allectus,</strong></span> <span class='ocrx_word' id='word_1_114' title='bbox 880 1647 984 1718; x_wconf 90' lang='lat' dir='ltr'><strong>quibus</strong></span> <span class='ocrx_word' id='word_1_115' title='bbox 1005 1647 1105 1705; x_wconf 91' lang='lat' dir='ltr'><strong>ruinae</strong></span> <span class='ocrx_word' id='word_1_116' title='bbox 1127 1647 1255 1720; x_wconf 84' lang='lat' dir='ltr'><strong>conlapsi</strong></span> <span class='ocrx_word' id='word_1_117' title='bbox 1276 1650 1391 1720; x_wconf 81' lang='lat' dir='ltr'><strong>generis</strong></span> <span class='ocrx_word' id='word_1_118' title='bbox 1412 1646 1534 1705; x_wconf 88' lang='lat' dir='ltr'><strong>resarci-</strong></span> 
     </span>
     <span class='ocr_line' id='line_1_14' title="bbox 397 1744 1531 1819; baseline 0.002 -17"><span class='ocrx_word' id='word_1_119' title='bbox 397 1748 495 1817; x_wconf 90' lang='lat' dir='ltr'><strong>untur,</strong></span> <span class='ocrx_word' id='word_1_120' title='bbox 511 1744 703 1805; x_wconf 92' lang='lat' dir='ltr'><strong>blandimento</strong></span> <span class='ocrx_word' id='word_1_121' title='bbox 718 1745 874 1818; x_wconf 84' lang='lat' dir='ltr'><strong>uoluptatis</strong></span> <span class='ocrx_word' id='word_1_122' title='bbox 894 1746 999 1805; x_wconf 81' lang='lat' dir='ltr'><strong>fallens</strong></span> <span class='ocrx_word' id='word_1_123' title='bbox 1020 1763 1077 1805; x_wconf 90' lang='lat' dir='ltr'><strong>non</strong></span> <span class='ocrx_word' id='word_1_124' title='bbox 1093 1747 1173 1805; x_wconf 89' lang='lat' dir='ltr'><strong>ducit</strong></span> <span class='ocrx_word' id='word_1_125' title='bbox 1188 1749 1223 1804; x_wconf 90' lang='lat' dir='ltr'><strong>ad</strong></span> <span class='ocrx_word' id='word_1_126' title='bbox 1238 1746 1443 1806; x_wconf 88' lang='lat' dir='ltr'><strong>continentiam</strong></span> <span class='ocrx_word' id='word_1_127' title='bbox 1459 1747 1531 1819; x_wconf 78' lang='lat' dir='ltr'><strong>legi-</strong></span> 
     </span>
     <span class='ocr_line' id='line_1_15' title="bbox 396 1840 1534 1922; baseline 0.002 -17"><span class='ocrx_word' id='word_1_128' title='bbox 396 1846 483 1906; x_wconf 85' lang='lat' dir='ltr'><strong>timae</strong></span> <span class='ocrx_word' id='word_1_129' title='bbox 508 1847 717 1908; x_wconf 88' lang='lat' dir='ltr'><strong>ooniunctionis</strong></span> <span class='ocrx_word' id='word_1_130' title='bbox 742 1849 875 1919; x_wconf 90' lang='lat' dir='ltr'><strong>sobolem,</strong></span> <span class='ocrx_word' id='word_1_131' title='bbox 902 1851 954 1908; x_wconf 90' lang='lat' dir='ltr'><strong>sed</strong></span> <span class='ocrx_word' id='word_1_132' title='bbox 976 1849 1067 1909; x_wconf 86' lang='lat' dir='ltr'><strong>iactat</strong></span> <span class='ocrx_word' id='word_1_133' title='bbox 1087 1849 1118 1906; x_wconf 93' lang='lat' dir='ltr'><strong>in</strong></span> <span class='ocrx_word' id='word_1_134' title='bbox 1143 1850 1260 1908; x_wconf 90' lang='lat' dir='ltr'><strong>crimen.</strong></span> <span class='ocrx_word' id='word_1_135' title='bbox 1284 1865 1351 1922; x_wconf 85' lang='lat' dir='ltr'><strong>ergo</strong></span> <span class='ocrx_word' id='word_1_136' title='bbox 1366 1850 1467 1908; x_wconf 88' lang='lat' dir='ltr'><strong>contra</strong></span> <span class='ocrx_word' id='word_1_137' title='bbox 1480 1840 1534 1907; x_wconf 82' lang='lat' dir='ltr'><strong>has</strong></span> 
     </span>
     <span class='ocr_line' id='line_1_16' title="bbox 397 1949 1566 2025; baseline 0.001 -16"><span class='ocrx_word' id='word_1_138' title='bbox 397 1951 493 2009; x_wconf 86' lang='lat' dir='ltr'><strong>carnis</strong></span> <span class='ocrx_word' id='word_1_139' title='bbox 515 1949 645 2020; x_wconf 88' lang='lat' dir='ltr'><strong>insidias,</strong></span> <span class='ocrx_word' id='word_1_140' title='bbox 667 1951 770 2025; x_wconf 88' lang='lat' dir='ltr'><strong>quibus</strong></span> <span class='ocrx_word' id='word_1_141' title='bbox 785 1967 815 2009; x_wconf 93' lang='lat' dir='ltr'><strong>se</strong></span> <span class='ocrx_word' id='word_1_142' title='bbox 830 1952 961 2010; x_wconf 89' lang='lat' dir='ltr'><strong>diabolus</strong></span> <span class='ocrx_word' id='word_1_143' title='bbox 977 1955 1007 2010; x_wconf 93' lang='lat' dir='ltr'><strong>et</strong></span> <span class='ocrx_word' id='word_1_144' title='bbox 1021 1953 1129 2010; x_wconf 89' lang='lat' dir='ltr'><strong>socium</strong></span> <span class='ocrx_word' id='word_1_145' title='bbox 1144 1951 1247 2009; x_wconf 82' lang='lat' dir='ltr'><strong>inserit</strong></span> <span class='ocrx_word' id='word_1_146' title='bbox 1261 1955 1290 2010; x_wconf 91' lang='lat' dir='ltr'><strong>et</strong></span> <span class='ocrx_word' id='word_1_147' title='bbox 1305 1951 1415 2021; x_wconf 88' lang='lat' dir='ltr'><strong>ducem,</strong></span> <span class='ocrx_word' id='word_1_148' title='bbox 1431 1950 1531 2010; x_wconf 91' lang='lat' dir='ltr'><strong>obluc·</strong></span> <span class='ocrx_word' id='word_1_149' title='bbox 1542 1971 1566 2010; x_wconf 80' lang='lat' dir='ltr'><strong>ra</strong></span> 
     </span>
     <span class='ocr_line' id='line_1_17' title="bbox 397 2049 1534 2126; baseline -0.001 -17"><span class='ocrx_word' id='word_1_150' title='bbox 397 2052 517 2110; x_wconf 88' lang='lat' dir='ltr'><strong>tandum</strong></span> <span class='ocrx_word' id='word_1_151' title='bbox 539 2057 584 2111; x_wconf 87' lang='lat' dir='ltr'><strong>est</strong></span> <span class='ocrx_word' id='word_1_152' title='bbox 604 2053 680 2111; x_wconf 91' lang='lat' dir='ltr'><strong>omui</strong></span> <span class='ocrx_word' id='word_1_153' title='bbox 700 2068 804 2126; x_wconf 82' lang='lat' dir='ltr'><strong>genere</strong></span> <span class='ocrx_word' id='word_1_154' title='bbox 830 2053 958 2113; x_wconf 85' lang='lat' dir='ltr'><strong>uirtutis.</strong></span> <span class='ocrx_word' id='word_1_155' title='bbox 981 2053 1169 2111; x_wconf 87' lang='lat' dir='ltr'><strong>adsumantur</strong></span> <span class='ocrx_word' id='word_1_156' title='bbox 1195 2053 1348 2111; x_wconf 88' lang='lat' dir='ltr'><strong>secundum</strong></span> <span class='ocrx_word' id='word_1_157' title='bbox 1373 2049 1534 2124; x_wconf 86' lang='lat' dir='ltr'><strong>apostolum</strong></span> 
     </span>
     <span class='ocr_line' id='line_1_18' title="bbox 398 2151 1533 2226; baseline 0 -16"><span class='ocrx_word' id='word_1_158' title='bbox 398 2151 506 2211; x_wconf 79' lang='lat' dir='ltr'><strong>curisti</strong></span> <span class='ocrx_word' id='word_1_159' title='bbox 529 2170 616 2225; x_wconf 89' lang='lat' dir='ltr'><strong>opera</strong></span> <span class='ocrx_word' id='word_1_160' title='bbox 635 2156 665 2211; x_wconf 91' lang='lat' dir='ltr'><strong>ct</strong></span> <span class='ocrx_word' id='word_1_161' title='bbox 685 2171 703 2212; x_wconf 87' lang='lat' dir='ltr'><strong>a</strong></span> <span class='ocrx_word' id='word_1_162' title='bbox 723 2155 863 2212; x_wconf 89' lang='lat' dir='ltr'><strong>consortio</strong></span> <span class='ocrx_word' id='word_1_163' title='bbox 884 2154 979 2221; x_wconf 85' lang='lat' dir='ltr'><strong>carnis</strong></span> <span class='ocrx_word' id='word_1_164' title='bbox 1000 2154 1031 2211; x_wconf 88' lang='lat' dir='ltr'><strong>in</strong></span> <span class='ocrx_word' id='word_1_165' title='bbox 1051 2158 1190 2226; x_wconf 89' lang='lat' dir='ltr'><strong>quantum</strong></span> <span class='ocrx_word' id='word_1_166' title='bbox 1210 2157 1304 2225; x_wconf 87' lang='lat' dir='ltr'><strong>potest</strong></span> <span class='ocrx_word' id='word_1_167' title='bbox 1318 2155 1430 2211; x_wconf 87' lang='lat' dir='ltr'><strong>animus</strong></span> <span class='ocrx_word' id='word_1_168' title='bbox 1451 2152 1533 2211; x_wconf 92' lang='lat' dir='ltr'><strong>colli·</strong></span> 
     </span>
     <span class='ocr_line' id='line_1_19' title="bbox 399 2254 1534 2328; baseline 0.001 -18"><span class='ocrx_word' id='word_1_169' title='bbox 399 2255 496 2326; x_wconf 81' lang='lat' dir='ltr'><strong>gutur,</strong></span> <span class='ocrx_word' id='word_1_170' title='bbox 518 2258 667 2328; x_wconf 82' lang='lat' dir='ltr'><strong>separetur</strong></span> <span class='ocrx_word' id='word_1_171' title='bbox 687 2254 779 2314; x_wconf 86' lang='lat' dir='ltr'><strong>omnis</strong></span> <span class='ocrx_word' id='word_1_172' title='bbox 799 2272 901 2315; x_wconf 70' lang='lat' dir='ltr'><strong>munus</strong></span> <span class='ocrx_word' id='word_1_173' title='bbox 921 2272 1079 2328; x_wconf 88' lang='lat' dir='ltr'><strong>acorpore,</strong></span> <span class='ocrx_word' id='word_1_174' title='bbox 1096 2255 1169 2312; x_wconf 90' lang='lat' dir='ltr'><strong>uitia</strong></span> <span class='ocrx_word' id='word_1_175' title='bbox 1183 2271 1294 2327; x_wconf 88' lang='lat' dir='ltr'><strong>semper</strong></span> <span class='ocrx_word' id='word_1_176' title='bbox 1309 2255 1486 2327; x_wconf 79' lang='lat' dir='ltr'><strong>castigentur</strong></span> <span class='ocrx_word' id='word_1_177' title='bbox 1500 2258 1534 2311; x_wconf 91' lang='lat' dir='ltr'><strong>nt</strong></span> 
     </span>
     <span class='ocr_line' id='line_1_20' title="bbox 399 2355 1538 2427; baseline 0.003 -16"><span class='ocrx_word' id='word_1_178' title='bbox 399 2355 543 2426; x_wconf 87' lang='lat' dir='ltr'><strong>odiantur,</strong></span> <span class='ocrx_word' id='word_1_179' title='bbox 564 2359 631 2414; x_wconf 88' lang='lat' dir='ltr'><strong>ante</strong></span> <span class='ocrx_word' id='word_1_180' title='bbox 655 2357 750 2415; x_wconf 91' lang='lat' dir='ltr'><strong>oculos</strong></span> <span class='ocrx_word' id='word_1_181' title='bbox 772 2357 939 2415; x_wconf 89' lang='lat' dir='ltr'><strong>obuersetur</strong></span> <span class='ocrx_word' id='word_1_182' title='bbox 960 2355 1096 2415; x_wconf 85' lang='lat' dir='ltr'><strong>deformis</strong></span> <span class='ocrx_word' id='word_1_183' title='bbox 1112 2357 1169 2415; x_wconf 88' lang='lat' dir='ltr'><strong>iste</strong></span> <span class='ocrx_word' id='word_1_184' title='bbox 1183 2358 1270 2427; x_wconf 88' lang='lat' dir='ltr'><strong>atque</strong></span> <span class='ocrx_word' id='word_1_185' title='bbox 1285 2357 1412 2414; x_wconf 86' lang='lat' dir='ltr'><strong>deiectus</strong></span> <span class='ocrx_word' id='word_1_186' title='bbox 1426 2355 1538 2427; x_wconf 85' lang='lat' dir='ltr'><strong>peccati</strong></span> 
     </span>
     <span class='ocr_line' id='line_1_21' title="bbox 398 2456 1571 2532; baseline 0.002 -20"><span class='ocrx_word' id='word_1_187' title='bbox 398 2457 501 2532; x_wconf 89' lang='lat' dir='ltr'><strong>pudor,</strong></span> <span class='ocrx_word' id='word_1_188' title='bbox 523 2457 700 2528; x_wconf 88' lang='lat' dir='ltr'><strong>paenitentia</strong></span> <span class='ocrx_word' id='word_1_189' title='bbox 718 2459 781 2530; x_wconf 89' lang='lat' dir='ltr'><strong>ipsa</strong></span> <span class='ocrx_word' id='word_1_190' title='bbox 800 2475 863 2516; x_wconf 90' lang='lat' dir='ltr'><strong>cum</strong></span> <span class='ocrx_word' id='word_1_191' title='bbox 883 2457 1009 2515; x_wconf 90' lang='lat' dir='ltr'><strong>luctibus</strong></span> <span class='ocrx_word' id='word_1_192' title='bbox 1033 2457 1095 2516; x_wconf 86' lang='lat' dir='ltr'><strong>suis</strong></span> <span class='ocrx_word' id='word_1_193' title='bbox 1116 2474 1189 2530; x_wconf 89' lang='lat' dir='ltr'><strong>quae</strong></span> <span class='ocrx_word' id='word_1_194' title='bbox 1209 2457 1422 2517; x_wconf 89' lang='lat' dir='ltr'><strong>commissorum</strong></span> <span class='ocrx_word' id='word_1_195' title='bbox 1437 2456 1571 2516; x_wconf 73' lang='lat' dir='ltr'><strong>trimi-ao</strong></span> 
     </span>
     <span class='ocr_line' id='line_1_22' title="bbox 399 2555 1533 2619; baseline 0.003 -6"><span class='ocrx_word' id='word_1_196' title='bbox 399 2574 467 2614; x_wconf 90' lang='lat' dir='ltr'><strong>num</strong></span> <span class='ocrx_word' id='word_1_197' title='bbox 489 2558 641 2618; x_wconf 88' lang='lat' dir='ltr'><strong>inhonesta</strong></span> <span class='ocrx_word' id='word_1_198' title='bbox 661 2558 831 2619; x_wconf 85' lang='lat' dir='ltr'><strong>contestatio</strong></span> <span class='ocrx_word' id='word_1_199' title='bbox 852 2564 906 2618; x_wconf 92' lang='lat' dir='ltr'><strong>est.</strong></span> <span class='ocrx_word' id='word_1_200' title='bbox 936 2558 1009 2617; x_wconf 86' lang='lat' dir='ltr'><strong>nihil</strong></span> <span class='ocrx_word' id='word_1_201' title='bbox 1033 2559 1227 2618; x_wconf 76' lang='lat' dir='ltr'><strong>musideretur</strong></span> <span class='ocrx_word' id='word_1_202' title='bbox 1249 2559 1358 2617; x_wconf 84' lang='lat' dir='ltr'><strong>curiose</strong></span> <span class='ocrx_word' id='word_1_203' title='bbox 1381 2559 1411 2616; x_wconf 91' lang='lat' dir='ltr'><strong>iu</strong></span> <span class='ocrx_word' id='word_1_204' title='bbox 1431 2555 1533 2616; x_wconf 90' lang='lat' dir='ltr'><strong>alienis</strong></span> 
     </span>
    </p>
   </div>
   <div class='ocr_carea' id='block_1_3' title="bbox 397 2789 1546 4310">
    <p class='ocr_par' dir='ltr' id='par_1_3' title="bbox 397 2789 1546 4310">
     <span class='ocr_line' id='line_1_23' title="bbox 471 2789 1501 2862; baseline -0.005 -15"><span class='ocrx_word' id='word_1_205' title='bbox 471 2793 535 2847; x_wconf 90' lang='lat' dir='ltr'><strong>let</strong></span> <span class='ocrx_word' id='word_1_206' title='bbox 552 2807 603 2846; x_wconf 79' lang='lat' dir='ltr'><strong>ora.</strong></span> <span class='ocrx_word' id='word_1_207' title='bbox 622 2793 662 2848; x_wconf 87' lang='lat' dir='ltr'><strong>Zc</strong></span> <span class='ocrx_word' id='word_1_208' title='bbox 758 2809 786 2847; x_wconf 86' lang='lat' dir='ltr'><strong>sc</strong></span> <span class='ocrx_word' id='word_1_209' title='bbox 804 2808 890 2846; x_wconf 83' lang='lat' dir='ltr'><strong>om.o</strong></span> <span class='ocrx_word' id='word_1_210' title='bbox 988 2792 1081 2862; x_wconf 87' lang='lat' dir='ltr'><strong>animi]</strong></span> <span class='ocrx_word' id='word_1_211' title='bbox 1101 2794 1191 2844; x_wconf 78' lang='lat' dir='ltr'><strong>cirtem</strong></span> <span class='ocrx_word' id='word_1_212' title='bbox 1211 2793 1237 2844; x_wconf 85' lang='lat' dir='ltr'><em>Z</em></span> <span class='ocrx_word' id='word_1_213' title='bbox 1331 2789 1457 2844; x_wconf 85' lang='lat' dir='ltr'><strong>ostendat</strong></span> <span class='ocrx_word' id='word_1_214' title='bbox 1475 2789 1501 2842; x_wconf 88' lang='lat' dir='ltr'><em>Z</em></span> 
     </span>
     <span class='ocr_line' id='line_1_24' title="bbox 398 2874 1540 2947; baseline -0.001 -19"><span class='ocrx_word' id='word_1_215' title='bbox 398 2876 508 2944; x_wconf 78' lang='lat' dir='ltr'><strong>2quid]</strong></span> <span class='ocrx_word' id='word_1_216' title='bbox 528 2877 634 2947; x_wconf 83' lang='lat' dir='ltr'><strong>namZ</strong></span> <span class='ocrx_word' id='word_1_217' title='bbox 739 2877 936 2932; x_wconf 85' lang='lat' dir='ltr'><strong>abscondentur</strong></span> <span class='ocrx_word' id='word_1_218' title='bbox 953 2877 979 2930; x_wconf 94' lang='grc' dir='ltr'><strong><em>Ζ</em></strong></span> <span class='ocrx_word' id='word_1_219' title='bbox 1086 2875 1215 2944; x_wconf 79' lang='lat' dir='ltr'><strong>datiam]</strong></span> <span class='ocrx_word' id='word_1_220' title='bbox 1234 2876 1305 2928; x_wconf 87' lang='lat' dir='ltr'><strong>enim</strong></span> <span class='ocrx_word' id='word_1_221' title='bbox 1324 2875 1349 2927; x_wconf 90' lang='grc' dir='ltr'><strong><em>Ζ</em></strong></span> <span class='ocrx_word' id='word_1_222' title='bbox 1451 2874 1540 2928; x_wconf 88' lang='lat' dir='ltr'><strong>calen-</strong></span> 
     </span>
     <span class='ocr_line' id='line_1_25' title="bbox 399 2959 1542 3026; baseline -0.001 -12"><span class='ocrx_word' id='word_1_223' title='bbox 399 2959 494 3014; x_wconf 86' lang='lat' dir='ltr'><strong>darum</strong></span> <span class='ocrx_word' id='word_1_224' title='bbox 513 2963 553 3026; x_wconf 86' lang='lat' dir='ltr'><strong>K;</strong></span> <span class='ocrx_word' id='word_1_225' title='bbox 581 2961 752 3016; x_wconf 89' lang='lat' dir='ltr'><strong>cilindrorum</strong></span> <span class='ocrx_word' id='word_1_226' title='bbox 771 2969 837 3016; x_wconf 82' lang='lat' dir='ltr'><strong>onus</strong></span> <span class='ocrx_word' id='word_1_227' title='bbox 854 2963 925 3017; x_wconf 79' lang='lat' dir='ltr'><strong>coci.</strong></span> <span class='ocrx_word' id='word_1_228' title='bbox 949 2963 1098 3025; x_wconf 74' lang='lat' dir='ltr'><strong>Erasmus,</strong></span> <span class='ocrx_word' id='word_1_229' title='bbox 1121 2962 1169 3016; x_wconf 79' lang='lat' dir='ltr'><strong>aad</strong></span> <span class='ocrx_word' id='word_1_230' title='bbox 1186 2962 1258 3025; x_wconf 73' lang='lat' dir='ltr'><strong>cons.</strong></span> <span class='ocrx_word' id='word_1_231' title='bbox 1281 2961 1395 3014; x_wconf 79' lang='lat' dir='ltr'><strong>Tertull-</strong></span> <span class='ocrx_word' id='word_1_232' title='bbox 1414 2960 1448 3013; x_wconf 79' lang='lat' dir='ltr'><strong>cie</strong></span> <span class='ocrx_word' id='word_1_233' title='bbox 1464 2960 1542 3014; x_wconf 73' lang='lat' dir='ltr'><strong>cultu</strong></span> 
     </span>
     <span class='ocr_line' id='line_1_26' title="bbox 397 3044 1541 3117; baseline -0.001 -18"><span class='ocrx_word' id='word_1_234' title='bbox 397 3047 461 3113; x_wconf 70' lang='lat' dir='ltr'><strong>fem.</strong></span> <span class='ocrx_word' id='word_1_235' title='bbox 489 3045 556 3102; x_wconf 80' lang='lat' dir='ltr'><strong>Ie:</strong></span> <span class='ocrx_word' id='word_1_236' title='bbox 577 3046 693 3117; x_wconf 78' lang='lat' dir='ltr'><strong>graciles</strong></span> <span class='ocrx_word' id='word_1_237' title='bbox 716 3048 822 3102; x_wconf 90' lang='lat' dir='ltr'><strong>aurium</strong></span> <span class='ocrx_word' id='word_1_238' title='bbox 845 3050 919 3102; x_wconf 84' lang='lat' dir='ltr'><strong>cutes</strong></span> <span class='ocrx_word' id='word_1_239' title='bbox 942 3045 1130 3100; x_wconf 82' lang='lat' dir='ltr'><strong>kalendarium</strong></span> <span class='ocrx_word' id='word_1_240' title='bbox 1154 3046 1285 3100; x_wconf 83' lang='lat' dir='ltr'><strong>excedunt</strong></span> <span class='ocrx_word' id='word_1_241' title='bbox 1423 3044 1541 3099; x_wconf 83' lang='lat' dir='ltr'><strong>cuiusuis</strong></span> 
     </span>
     <span class='ocr_line' id='line_1_27' title="bbox 400 3130 1498 3201; baseline -0.001 -17"><span class='ocrx_word' id='word_1_242' title='bbox 400 3130 475 3185; x_wconf 90' lang='lat' dir='ltr'><strong>urbis</strong></span> <span class='ocrx_word' id='word_1_243' title='bbox 493 3131 520 3185; x_wconf 85' lang='lat' dir='ltr'><em>Z</em></span> <span class='ocrx_word' id='word_1_244' title='bbox 622 3132 640 3186; x_wconf 87' lang='lat'>5</span> <span class='ocrx_word' id='word_1_245' title='bbox 656 3132 718 3201; x_wconf 86' lang='lat' dir='ltr'><strong>tali]</strong></span> <span class='ocrx_word' id='word_1_246' title='bbox 737 3131 803 3200; x_wconf 91' lang='lat' dir='ltr'><strong>quid</strong></span> <span class='ocrx_word' id='word_1_247' title='bbox 821 3148 881 3187; x_wconf 86' lang='lat' dir='ltr'><strong>euru</strong></span> <span class='ocrx_word' id='word_1_248' title='bbox 899 3133 952 3186; x_wconf 90' lang='lat' dir='ltr'><strong>tali</strong></span> <span class='ocrx_word' id='word_1_249' title='bbox 970 3133 1005 3194; x_wconf 87' lang='lat' dir='ltr'><strong>K,</strong></span> <span class='ocrx_word' id='word_1_250' title='bbox 1024 3132 1184 3186; x_wconf 89' lang='lat' dir='ltr'><strong>circumdati</strong></span> <span class='ocrx_word' id='word_1_251' title='bbox 1203 3132 1229 3184; x_wconf 86' lang='lat' dir='ltr'><strong><em>Z</em></strong></span> <span class='ocrx_word' id='word_1_252' title='bbox 1329 3130 1454 3184; x_wconf 89' lang='lat' dir='ltr'><strong>honorati</strong></span> <span class='ocrx_word' id='word_1_253' title='bbox 1473 3130 1498 3184; x_wconf 94' lang='grc' dir='ltr'><strong><em>Ζ</em></strong></span> 
     </span>
     <span class='ocr_line' id='line_1_28' title="bbox 400 3214 1500 3285; baseline -0.001 -17"><span class='ocrx_word' id='word_1_254' title='bbox 400 3215 459 3285; x_wconf 86' lang='lat' dir='ltr'><strong>nec]</strong></span> <span class='ocrx_word' id='word_1_255' title='bbox 478 3231 511 3270; x_wconf 91' lang='lat' dir='ltr'><strong>ne</strong></span> <span class='ocrx_word' id='word_1_256' title='bbox 530 3217 555 3269; x_wconf 90' lang='lat' dir='ltr'><strong><em>Z</em></strong></span> <span class='ocrx_word' id='word_1_257' title='bbox 658 3216 755 3270; x_wconf 89' lang='lat' dir='ltr'><strong>intrari</strong></span> <span class='ocrx_word' id='word_1_258' title='bbox 774 3217 805 3268; x_wconf 86' lang='lat' dir='ltr'><em>K</em></span> <span class='ocrx_word' id='word_1_259' title='bbox 817 3216 866 3270; x_wconf 80' lang='lat' dir='ltr'><strong>sed</strong></span> <span class='ocrx_word' id='word_1_260' title='bbox 882 3216 906 3269; x_wconf 91' lang='lat' dir='ltr'><strong>ri</strong></span> <span class='ocrx_word' id='word_1_261' title='bbox 924 3219 956 3270; x_wconf 75' lang='lat' dir='ltr'><strong>ia</strong></span> <span class='ocrx_word' id='word_1_262' title='bbox 973 3232 1028 3270; x_wconf 85' lang='lat' dir='ltr'><strong>rae.</strong></span> <span class='ocrx_word' id='word_1_263' title='bbox 1047 3223 1073 3270; x_wconf 79' lang='lat' dir='ltr'><strong>et</strong></span> <span class='ocrx_word' id='word_1_264' title='bbox 1092 3217 1212 3269; x_wconf 71' lang='lat' dir='ltr'><strong>clterm</strong></span> <span class='ocrx_word' id='word_1_265' title='bbox 1230 3232 1251 3267; x_wconf 89' lang='lat' dir='ltr'><strong>r.</strong></span> <span class='ocrx_word' id='word_1_266' title='bbox 1269 3231 1290 3269; x_wconf 86' lang='lat' dir='ltr'><strong>a.</strong></span> <span class='ocrx_word' id='word_1_267' title='bbox 1304 3215 1331 3279; x_wconf 88' lang='lat' dir='ltr'><strong>l.‚</strong></span> <span class='ocrx_word' id='word_1_268' title='bbox 1349 3214 1456 3283; x_wconf 84' lang='lat' dir='ltr'><strong>ingredi</strong></span> <span class='ocrx_word' id='word_1_269' title='bbox 1465 3214 1500 3267; x_wconf 92' lang='grc' dir='ltr'><strong>·Ζ</strong></span> 
     </span>
     <span class='ocr_line' id='line_1_29' title="bbox 400 3299 1502 3371; baseline -0.003 -16"><span class='ocrx_word' id='word_1_270' title='bbox 400 3318 449 3356; x_wconf 90' lang='lat' dir='ltr'><strong>nec</strong></span> <span class='ocrx_word' id='word_1_271' title='bbox 466 3301 558 3371; x_wconf 71' lang='lat' dir='ltr'><strong>egredi</strong></span> <span class='ocrx_word' id='word_1_272' title='bbox 575 3317 626 3358; x_wconf 79' lang='lat' dir='ltr'><strong>ora.</strong></span> <span class='ocrx_word' id='word_1_273' title='bbox 646 3302 672 3355; x_wconf 89' lang='lat' dir='ltr'><em>Z</em></span> <span class='ocrx_word' id='word_1_274' title='bbox 755 3303 903 3371; x_wconf 84' lang='lat' dir='ltr'><strong>exposcitur</strong></span> <span class='ocrx_word' id='word_1_275' title='bbox 921 3303 968 3356; x_wconf 85' lang='lat' dir='ltr'><strong>Kc</strong></span> <span class='ocrx_word' id='word_1_276' title='bbox 1055 3301 1212 3355; x_wconf 78' lang='lat' dir='ltr'><strong>imulieris</strong></span> <span class='ocrx_word' id='word_1_277' title='bbox 1231 3300 1258 3353; x_wconf 92' lang='grc' dir='ltr'><strong><em>Ζ</em></strong></span> <span class='ocrx_word' id='word_1_278' title='bbox 1340 3299 1457 3353; x_wconf 86' lang='lat' dir='ltr'><strong>delicata</strong></span> <span class='ocrx_word' id='word_1_279' title='bbox 1475 3299 1502 3353; x_wconf 90' lang='grc' dir='ltr'><strong><em>Ζ</em></strong></span> 
     </span>
     <span class='ocr_line' id='line_1_30' title="bbox 398 3383 1501 3455; baseline -0.002 -16"><span class='ocrx_word' id='word_1_280' title='bbox 398 3387 592 3455; x_wconf 77' lang='lat' dir='ltr'><strong>dsedlsicZ</strong></span> <span class='ocrx_word' id='word_1_281' title='bbox 692 3389 836 3441; x_wconf 69' lang='lat' dir='ltr'><strong>estem</strong></span> <span class='ocrx_word' id='word_1_282' title='bbox 939 3385 1259 3448; x_wconf 85' lang='lat' dir='ltr'><strong>etauirisZ,uiriso</strong></span> <span class='ocrx_word' id='word_1_283' title='bbox 1363 3383 1501 3438; x_wconf 75' lang='lat' dir='ltr'><strong>9otaZ</strong></span> 
     </span>
     <span class='ocr_line' id='line_1_31' title="bbox 400 3468 1500 3541; baseline -0.003 -17"><span class='ocrx_word' id='word_1_284' title='bbox 400 3471 452 3540; x_wconf 88' lang='lat' dir='ltr'><strong>est]</strong></span> <span class='ocrx_word' id='word_1_285' title='bbox 477 3474 505 3526; x_wconf 86' lang='lat' dir='ltr'><strong>et</strong></span> <span class='ocrx_word' id='word_1_286' title='bbox 522 3471 548 3525; x_wconf 93' lang='grc' dir='ltr'><strong><em>Ζ</em></strong></span> <span class='ocrx_word' id='word_1_287' title='bbox 649 3470 761 3541; x_wconf 86' lang='lat' dir='ltr'><strong>limites]</strong></span> <span class='ocrx_word' id='word_1_288' title='bbox 785 3472 887 3527; x_wconf 91' lang='lat' dir='ltr'><strong>milites</strong></span> <span class='ocrx_word' id='word_1_289' title='bbox 907 3472 933 3525; x_wconf 89' lang='lat' dir='ltr'><strong><em>Z</em></strong></span> <span class='ocrx_word' id='word_1_290' title='bbox 1034 3469 1068 3525; x_wconf 90' lang='lat' dir='ltr'><strong>de</strong></span> <span class='ocrx_word' id='word_1_291' title='bbox 1088 3487 1177 3527; x_wconf 71' lang='lat' dir='ltr'><strong>orno</strong></span> <span class='ocrx_word' id='word_1_292' title='bbox 1288 3469 1451 3523; x_wconf 75' lang='lat' dir='ltr'><strong>111abaum</strong></span> <span class='ocrx_word' id='word_1_293' title='bbox 1474 3468 1500 3522; x_wconf 83' lang='lat'><strong><em>2</em></strong></span> 
     </span>
     <span class='ocr_line' id='line_1_32' title="bbox 400 3553 1505 3627; baseline -0.004 -17"><span class='ocrx_word' id='word_1_294' title='bbox 400 3559 537 3625; x_wconf 84' lang='lat' dir='ltr'><strong>praetecta</strong></span> <span class='ocrx_word' id='word_1_295' title='bbox 562 3557 600 3621; x_wconf 93' lang='grc' dir='ltr'><strong>Ζ,</strong></span> <span class='ocrx_word' id='word_1_296' title='bbox 623 3559 794 3627; x_wconf 78' lang='lat' dir='ltr'><strong>praetextus</strong></span> <span class='ocrx_word' id='word_1_297' title='bbox 908 3558 941 3611; x_wconf 76' lang='lat'><strong>12</strong></span> <span class='ocrx_word' id='word_1_298' title='bbox 964 3555 998 3609; x_wconf 89' lang='lat' dir='ltr'><strong>ad</strong></span> <span class='ocrx_word' id='word_1_299' title='bbox 1021 3573 1072 3610; x_wconf 75' lang='lat' dir='ltr'><strong>osa.</strong></span> <span class='ocrx_word' id='word_1_300' title='bbox 1097 3556 1124 3609; x_wconf 92' lang='grc' dir='ltr'><strong><em>Ζ</em></strong></span> <span class='ocrx_word' id='word_1_301' title='bbox 1230 3554 1337 3624; x_wconf 87' lang='lat' dir='ltr'><strong>quibus]</strong></span> <span class='ocrx_word' id='word_1_302' title='bbox 1357 3554 1461 3624; x_wconf 84' lang='lat' dir='ltr'><strong>Quippe</strong></span> <span class='ocrx_word' id='word_1_303' title='bbox 1478 3553 1505 3607; x_wconf 90' lang='grc' dir='ltr'><strong><em>Ζ</em></strong></span> 
     </span>
     <span class='ocr_line' id='line_1_33' title="bbox 400 3639 1544 3710; baseline -0.003 -16"><span class='ocrx_word' id='word_1_304' title='bbox 400 3642 592 3710; x_wconf 86' lang='lat' dir='ltr'><strong>resarciuntur]</strong></span> <span class='ocrx_word' id='word_1_305' title='bbox 615 3641 764 3695; x_wconf 80' lang='lat' dir='ltr'><strong>reiciantur</strong></span> <span class='ocrx_word' id='word_1_306' title='bbox 781 3643 807 3694; x_wconf 92' lang='grc' dir='ltr'><strong><em>Ζ</em></strong></span> <span class='ocrx_word' id='word_1_307' title='bbox 924 3643 957 3696; x_wconf 88' lang='grc'><strong>13</strong></span> <span class='ocrx_word' id='word_1_308' title='bbox 975 3641 1127 3694; x_wconf 85' lang='lat' dir='ltr'><strong>uoluntatis</strong></span> <span class='ocrx_word' id='word_1_309' title='bbox 1147 3641 1172 3693; x_wconf 94' lang='grc' dir='ltr'><strong><em>Ζ</em></strong></span> <span class='ocrx_word' id='word_1_310' title='bbox 1279 3639 1473 3692; x_wconf 88' lang='lat' dir='ltr'><strong>continentiam</strong></span> <span class='ocrx_word' id='word_1_311' title='bbox 1492 3653 1544 3692; x_wconf 80' lang='lat' dir='ltr'><strong>om.</strong></span> 
     </span>
     <span class='ocr_line' id='line_1_34' title="bbox 399 3722 1545 3794; baseline -0.002 -16"><span class='ocrx_word' id='word_1_312' title='bbox 399 3728 431 3791; x_wconf 82' lang='grc' dir='ltr'><strong>Ζ,</strong></span> <span class='ocrx_word' id='word_1_313' title='bbox 456 3726 647 3781; x_wconf 85' lang='lat' dir='ltr'><strong>conscientiam</strong></span> <span class='ocrx_word' id='word_1_314' title='bbox 666 3727 695 3777; x_wconf 85' lang='lat' dir='ltr'><em>K</em></span> <span class='ocrx_word' id='word_1_315' title='bbox 796 3728 831 3781; x_wconf 82' lang='lat'><strong>15</strong></span> <span class='ocrx_word' id='word_1_316' title='bbox 850 3731 914 3794; x_wconf 84' lang='lat' dir='ltr'><strong>poet</strong></span> <span class='ocrx_word' id='word_1_317' title='bbox 938 3724 1051 3779; x_wconf 83' lang='lat' dir='ltr'><strong>insidias</strong></span> <span class='ocrx_word' id='word_1_318' title='bbox 1075 3740 1132 3778; x_wconf 81' lang='lat' dir='ltr'><strong>ras.</strong></span> <span class='ocrx_word' id='word_1_319' title='bbox 1149 3728 1167 3777; x_wconf 84' lang='grc'><strong><em>7</em></strong></span> <span class='ocrx_word' id='word_1_320' title='bbox 1185 3725 1237 3777; x_wconf 76' lang='lat' dir='ltr'><strong>liu.</strong></span> <span class='ocrx_word' id='word_1_321' title='bbox 1255 3725 1287 3777; x_wconf 75' lang='lat' dir='ltr'><strong>ira</strong></span> <span class='ocrx_word' id='word_1_322' title='bbox 1306 3723 1337 3776; x_wconf 88' lang='lat' dir='ltr'><strong><em>K</em></strong></span> <span class='ocrx_word' id='word_1_323' title='bbox 1439 3739 1467 3777; x_wconf 89' lang='lat' dir='ltr'><strong>se</strong></span> <span class='ocrx_word' id='word_1_324' title='bbox 1484 3722 1545 3777; x_wconf 87' lang='lat' dir='ltr'><strong>dia·</strong></span> 
     </span>
     <span class='ocr_line' id='line_1_35' title="bbox 399 3807 1497 3883; baseline -0.001 -18"><span class='ocrx_word' id='word_1_325' title='bbox 399 3811 489 3883; x_wconf 86' lang='lat' dir='ltr'><strong>bolus]</strong></span> <span class='ocrx_word' id='word_1_326' title='bbox 513 3812 622 3866; x_wconf 88' lang='lat' dir='ltr'><strong>sedibus</strong></span> <span class='ocrx_word' id='word_1_327' title='bbox 640 3811 667 3864; x_wconf 96' lang='grc' dir='ltr'><strong><em>Ζ</em></strong></span> <span class='ocrx_word' id='word_1_328' title='bbox 767 3812 903 3880; x_wconf 76' lang='lat' dir='ltr'><strong>ingerite</strong></span> <span class='ocrx_word' id='word_1_329' title='bbox 1007 3810 1110 3878; x_wconf 87' lang='lat' dir='ltr'><strong>ducem]</strong></span> <span class='ocrx_word' id='word_1_330' title='bbox 1127 3809 1205 3863; x_wconf 89' lang='lat' dir='ltr'><strong>docet</strong></span> <span class='ocrx_word' id='word_1_331' title='bbox 1222 3808 1261 3873; x_wconf 88' lang='lat' dir='ltr'><strong>Z,</strong></span> <span class='ocrx_word' id='word_1_332' title='bbox 1284 3809 1378 3863; x_wconf 89' lang='lat' dir='ltr'><strong>ducem</strong></span> <span class='ocrx_word' id='word_1_333' title='bbox 1396 3807 1497 3864; x_wconf 77' lang='lat' dir='ltr'><strong>facito</strong></span> 
     </span>
     <span class='ocr_line' id='line_1_36' title="bbox 403 3895 1544 3952; baseline -0.005 0"><span class='ocrx_word' id='word_1_334' title='bbox 403 3897 438 3952; x_wconf 89' lang='grc'><strong>16</strong></span> <span class='ocrx_word' id='word_1_335' title='bbox 462 3901 650 3952; x_wconf 74' lang='lat' dir='ltr'><strong>mouumturo</strong></span> <span class='ocrx_word' id='word_1_336' title='bbox 753 3898 786 3950; x_wconf 80' lang='lat'><strong>17</strong></span> <span class='ocrx_word' id='word_1_337' title='bbox 809 3913 895 3951; x_wconf 84' lang='lat' dir='ltr'><strong>acm.</strong></span> <span class='ocrx_word' id='word_1_338' title='bbox 914 3897 940 3949; x_wconf 94' lang='grc' dir='ltr'><strong><em>Ζ</em></strong></span> <span class='ocrx_word' id='word_1_339' title='bbox 1044 3896 1074 3949; x_wconf 92' lang='lat' dir='ltr'><strong>in</strong></span> <span class='ocrx_word' id='word_1_340' title='bbox 1096 3911 1181 3949; x_wconf 85' lang='lat' dir='ltr'><strong>om.o</strong></span> <span class='ocrx_word' id='word_1_341' title='bbox 1290 3895 1323 3948; x_wconf 93' lang='lat'><strong>18</strong></span> <span class='ocrx_word' id='word_1_342' title='bbox 1340 3910 1431 3948; x_wconf 89' lang='lat' dir='ltr'><strong>omnes</strong></span> <span class='ocrx_word' id='word_1_343' title='bbox 1448 3909 1544 3948; x_wconf 82' lang='lat' dir='ltr'><strong>consus</strong></span> 
     </span>
     <span class='ocr_line' id='line_1_37' title="bbox 401 3978 1544 4051; baseline -0.002 -16"><span class='ocrx_word' id='word_1_344' title='bbox 401 3983 434 4047; x_wconf 82' lang='lat' dir='ltr'><strong>Z,</strong></span> <span class='ocrx_word' id='word_1_345' title='bbox 452 3998 597 4037; x_wconf 86' lang='lat' dir='ltr'><strong>consensus</strong></span> <span class='ocrx_word' id='word_1_346' title='bbox 616 3982 661 4037; x_wconf 84' lang='lat' dir='ltr'><strong>Kc</strong></span> <span class='ocrx_word' id='word_1_347' title='bbox 781 3982 860 4051; x_wconf 89' lang='lat' dir='ltr'><strong>uitia]</strong></span> <span class='ocrx_word' id='word_1_348' title='bbox 879 3982 937 4035; x_wconf 90' lang='lat' dir='ltr'><strong>uite</strong></span> <span class='ocrx_word' id='word_1_349' title='bbox 955 3982 983 4034; x_wconf 90' lang='lat' dir='ltr'><strong><em>Z</em></strong></span> <span class='ocrx_word' id='word_1_350' title='bbox 1102 3982 1136 4034; x_wconf 90' lang='lat'><strong>19</strong></span> <span class='ocrx_word' id='word_1_351' title='bbox 1153 3980 1262 4034; x_wconf 88' lang='lat' dir='ltr'><strong>odiatur</strong></span> <span class='ocrx_word' id='word_1_352' title='bbox 1280 3978 1307 4031; x_wconf 92' lang='grc' dir='ltr'><strong><em>Ζ</em></strong></span> <span class='ocrx_word' id='word_1_353' title='bbox 1420 3978 1544 4033; x_wconf 82' lang='lat' dir='ltr'><strong>obaerue·</strong></span> 
     </span>
     <span class='ocr_line' id='line_1_38' title="bbox 401 4062 1543 4137; baseline -0.003 -17"><span class='ocrx_word' id='word_1_354' title='bbox 401 4070 496 4122; x_wconf 78' lang='lat' dir='ltr'><strong>turi(</strong></span> <span class='ocrx_word' id='word_1_355' title='bbox 598 4067 724 4122; x_wconf 85' lang='lat' dir='ltr'><strong>deformis</strong></span> <span class='ocrx_word' id='word_1_356' title='bbox 741 4067 803 4137; x_wconf 88' lang='lat' dir='ltr'><strong>iste]</strong></span> <span class='ocrx_word' id='word_1_357' title='bbox 822 4066 952 4122; x_wconf 83' lang='lat' dir='ltr'><strong>deformis</strong></span> <span class='ocrx_word' id='word_1_358' title='bbox 970 4081 1027 4120; x_wconf 89' lang='lat' dir='ltr'><strong>esee</strong></span> <span class='ocrx_word' id='word_1_359' title='bbox 1045 4065 1083 4130; x_wconf 86' lang='lat' dir='ltr'><strong>K,</strong></span> <span class='ocrx_word' id='word_1_360' title='bbox 1099 4064 1257 4120; x_wconf 83' lang='lat' dir='ltr'><strong>deformitas</strong></span> <span class='ocrx_word' id='word_1_361' title='bbox 1276 4065 1303 4118; x_wconf 87' lang='lat' dir='ltr'><em>Z</em></span> <span class='ocrx_word' id='word_1_362' title='bbox 1399 4065 1435 4118; x_wconf 79' lang='lat'><strong>20</strong></span> <span class='ocrx_word' id='word_1_363' title='bbox 1450 4062 1543 4134; x_wconf 89' lang='lat' dir='ltr'><strong>pudor.</strong></span> 
     </span>
     <span class='ocr_line' id='line_1_39' title="bbox 401 4151 1546 4225; baseline -0.002 -19"><span class='ocrx_word' id='word_1_364' title='bbox 401 4151 575 4208; x_wconf 88' lang='lat' dir='ltr'><strong>Paenitentia</strong></span> <span class='ocrx_word' id='word_1_365' title='bbox 592 4154 632 4209; x_wconf 81' lang='lat' dir='ltr'><strong>cic</strong></span> <span class='ocrx_word' id='word_1_366' title='bbox 649 4153 829 4225; x_wconf 59' lang='lat' dir='ltr'><strong>dutinpuito</strong></span> <span class='ocrx_word' id='word_1_367' title='bbox 932 4152 1000 4222; x_wconf 85' lang='lat' dir='ltr'><strong>ipsis</strong></span> <span class='ocrx_word' id='word_1_368' title='bbox 1018 4152 1046 4206; x_wconf 89' lang='grc' dir='ltr'><strong><em>Ζ</em></strong></span> <span class='ocrx_word' id='word_1_369' title='bbox 1153 4167 1221 4219; x_wconf 88' lang='lat' dir='ltr'><strong>quae</strong></span> <span class='ocrx_word' id='word_1_370' title='bbox 1238 4167 1324 4206; x_wconf 75' lang='lat' dir='ltr'><strong>orac</strong></span> <span class='ocrx_word' id='word_1_371' title='bbox 1433 4151 1467 4204; x_wconf 80' lang='lat'><strong>21</strong></span> <span class='ocrx_word' id='word_1_372' title='bbox 1485 4165 1546 4205; x_wconf 91' lang='lat' dir='ltr'><strong>con·</strong></span> 
     </span>
     <span class='ocr_line' id='line_1_40' title="bbox 403 4239 1214 4310; baseline -0.002 -18"><span class='ocrx_word' id='word_1_373' title='bbox 403 4239 525 4310; x_wconf 77' lang='lat' dir='ltr'><strong>testatio]</strong></span> <span class='ocrx_word' id='word_1_374' title='bbox 545 4242 719 4295; x_wconf 83' lang='lat' dir='ltr'><strong>commutatio</strong></span> <span class='ocrx_word' id='word_1_375' title='bbox 738 4239 765 4294; x_wconf 82' lang='lat' dir='ltr'><strong><em>Z</em></strong></span> <span class='ocrx_word' id='word_1_376' title='bbox 866 4239 969 4295; x_wconf 85' lang='lat' dir='ltr'><strong>curiose</strong></span> <span class='ocrx_word' id='word_1_377' title='bbox 987 4239 1171 4294; x_wconf 88' lang='lat' dir='ltr'><strong>consideretur</strong></span> <span class='ocrx_word' id='word_1_378' title='bbox 1189 4239 1214 4290; x_wconf 87' lang='lat' dir='ltr'><em>Z</em></span> 
     </span>
    </p>
   </div>
   <div class='ocr_carea' id='block_1_4' title="bbox 0 0 1872 4920">
    <p class='ocr_par' dir='ltr' id='par_1_4' title="bbox 0 0 1872 4920">
     <span class='ocr_line' id='line_1_41' title="bbox 0 0 1872 4920; baseline 0 0"><span class='ocrx_word' id='word_1_379' title='bbox 0 0 1872 4920; x_wconf 95' lang='lat' dir='ltr'><strong> </strong></span> 
     </span>
    </p>
   </div>
  </div>
 </body>
</html>
