<?xml version="1.0" encoding="UTF-8"?>
<!DOCTYPE html PUBLIC "-//W3C//DTD XHTML 1.0 Transitional//EN"
    "http://www.w3.org/TR/xhtml1/DTD/xhtml1-transitional.dtd">
<html xmlns="http://www.w3.org/1999/xhtml" xml:lang="en" lang="en">
 <head>
  <title>
</title>
<meta http-equiv="Content-Type" content="text/html;charset=utf-8" />
  <meta name='ocr-system' content='tesseract 3.04.00' />
  <meta name='ocr-capabilities' content='ocr_page ocr_carea ocr_par ocr_line ocrx_word'/>
</head>
<body>
  <div class='ocr_page' id='page_1' title='image "./sthascicaecilic00cyprgoog_0285.png"; bbox 0 0 3720 4920; ppageno 0'>
   <div class='ocr_carea' id='block_1_1' title="bbox 380 372 1037 444">
    <p class='ocr_par' dir='ltr' id='par_1_1' title="bbox 380 372 1037 444">
     <span class='ocr_line' id='line_1_1' title="bbox 380 372 1037 444; baseline -0.006 -15"><span class='ocrx_word' id='word_1_1' title='bbox 380 380 441 443; x_wconf 76' lang='grc'><strong>154</strong></span> <span class='ocrx_word' id='word_1_2' title='bbox 849 372 1037 444; x_wconf 75' lang='lat' dir='ltr'><strong>Appendir.</strong></span> 
     </span>
    </p>
   </div>
   <div class='ocr_carea' id='block_1_2' title="bbox 376 525 1531 1014">
    <p class='ocr_par' dir='ltr' id='par_1_2' title="bbox 376 525 1531 1014">
     <span class='ocr_line' id='line_1_2' title="bbox 378 525 1508 605; baseline -0.003 -17"><span class='ocrx_word' id='word_1_3' title='bbox 378 531 415 588; x_wconf 83' lang='lat' dir='ltr'><strong>ed</strong></span> <span class='ocrx_word' id='word_1_4' title='bbox 430 531 632 605; x_wconf 75' lang='lat' dir='ltr'><strong>perfectionem</strong></span> <span class='ocrx_word' id='word_1_5' title='bbox 647 532 782 593; x_wconf 80' lang='lat' dir='ltr'><strong>festinare</strong></span> <span class='ocrx_word' id='word_1_6' title='bbox 797 549 853 592; x_wconf 91' lang='lat' dir='ltr'><strong>non</strong></span> <span class='ocrx_word' id='word_1_7' title='bbox 868 531 1036 604; x_wconf 89' lang='lat' dir='ltr'><strong>contendat,</strong></span> <span class='ocrx_word' id='word_1_8' title='bbox 1052 529 1166 604; x_wconf 90' lang='lat' dir='ltr'><strong>quaudo</strong></span> <span class='ocrx_word' id='word_1_9' title='bbox 1180 527 1270 589; x_wconf 81' lang='lat' dir='ltr'><strong>totius</strong></span> <span class='ocrx_word' id='word_1_10' title='bbox 1284 526 1410 601; x_wconf 81' lang='lat' dir='ltr'><strong>corporis</strong></span> <span class='ocrx_word' id='word_1_11' title='bbox 1424 525 1508 586; x_wconf 89' lang='lat' dir='ltr'><strong>habi·</strong></span> 
     </span>
     <span class='ocr_line' id='line_1_3' title="bbox 376 627 1508 707; baseline -0.004 -16"><span class='ocrx_word' id='word_1_12' title='bbox 376 637 426 692; x_wconf 88' lang='lat' dir='ltr'><strong>tue</strong></span> <span class='ocrx_word' id='word_1_13' title='bbox 441 637 588 693; x_wconf 77' lang='lat' dir='ltr'><strong>senectute</strong></span> <span class='ocrx_word' id='word_1_14' title='bbox 603 635 750 695; x_wconf 80' lang='lat' dir='ltr'><strong>confectus</strong></span> <span class='ocrx_word' id='word_1_15' title='bbox 764 635 800 693; x_wconf 94' lang='lat' dir='ltr'><strong>ad</strong></span> <span class='ocrx_word' id='word_1_16' title='bbox 813 634 961 693; x_wconf 87' lang='lat' dir='ltr'><strong>interitum</strong></span> <span class='ocrx_word' id='word_1_17' title='bbox 975 633 1132 707; x_wconf 76' lang='lat' dir='ltr'><strong>properet?</strong></span> <span class='ocrx_word' id='word_1_18' title='bbox 1155 631 1222 690; x_wconf 91' lang='lat' dir='ltr'><strong>dum</strong></span> <span class='ocrx_word' id='word_1_19' title='bbox 1245 629 1320 691; x_wconf 89' lang='lat' dir='ltr'><strong>oculi</strong></span> <span class='ocrx_word' id='word_1_20' title='bbox 1340 627 1508 703; x_wconf 73' lang='lat' dir='ltr'><strong>caligiuaut,</strong></span> 
     </span>
     <span class='ocr_line' id='line_1_4' title="bbox 378 731 1508 811; baseline -0.005 -16"><span class='ocrx_word' id='word_1_21' title='bbox 378 737 458 795; x_wconf 82' lang='lat' dir='ltr'><strong>euris</strong></span> <span class='ocrx_word' id='word_1_22' title='bbox 472 736 601 811; x_wconf 73' lang='lat' dir='ltr'><strong>grauiter</strong></span> <span class='ocrx_word' id='word_1_23' title='bbox 616 736 713 809; x_wconf 90' lang='lat' dir='ltr'><strong>eudit,</strong></span> <span class='ocrx_word' id='word_1_24' title='bbox 736 735 835 811; x_wconf 85' lang='lat' dir='ltr'><strong>capilli</strong></span> <span class='ocrx_word' id='word_1_25' title='bbox 849 731 946 795; x_wconf 85' lang='lat' dir='ltr'><strong>fluunt</strong></span> <span class='ocrx_word' id='word_1_26' title='bbox 953 779 962 810; x_wconf 94' lang='lat'><em>,</em></span> <span class='ocrx_word' id='word_1_27' title='bbox 987 733 1077 795; x_wconf 76' lang='lat' dir='ltr'><strong>faciae</strong></span> <span class='ocrx_word' id='word_1_28' title='bbox 1091 733 1122 792; x_wconf 92' lang='lat' dir='ltr'><strong>in</strong></span> <span class='ocrx_word' id='word_1_29' title='bbox 1136 733 1236 808; x_wconf 80' lang='lat' dir='ltr'><strong>peloro</strong></span> <span class='ocrx_word' id='word_1_30' title='bbox 1249 733 1392 804; x_wconf 89' lang='lat' dir='ltr'><strong>mutetur,</strong></span> <span class='ocrx_word' id='word_1_31' title='bbox 1407 731 1508 790; x_wconf 85' lang='lat' dir='ltr'><strong>deutee</strong></span> 
     </span>
     <span class='ocr_line' id='line_1_5' title="bbox 376 833 1510 911; baseline -0.006 -14"><span class='ocrx_word' id='word_1_32' title='bbox 376 837 449 897; x_wconf 83' lang='lat' dir='ltr'><strong>laeui</strong></span> <span class='ocrx_word' id='word_1_33' title='bbox 463 855 580 898; x_wconf 86' lang='lat' dir='ltr'><strong>numero</strong></span> <span class='ocrx_word' id='word_1_34' title='bbox 595 838 769 911; x_wconf 88' lang='lat' dir='ltr'><strong>minuuntur,</strong></span> <span class='ocrx_word' id='word_1_35' title='bbox 784 838 859 898; x_wconf 81' lang='lat' dir='ltr'><strong>cutia</strong></span> <span class='ocrx_word' id='word_1_36' title='bbox 874 837 991 910; x_wconf 75' lang='lat' dir='ltr'><strong>erescit,</strong></span> <span class='ocrx_word' id='word_1_37' title='bbox 1005 837 1091 896; x_wconf 84' lang='lat' dir='ltr'><strong>datm</strong></span> <span class='ocrx_word' id='word_1_38' title='bbox 1106 852 1163 895; x_wconf 94' lang='lat' dir='ltr'><strong>non</strong></span> <span class='ocrx_word' id='word_1_39' title='bbox 1177 834 1303 894; x_wconf 85' lang='lat' dir='ltr'><strong>enauiter</strong></span> <span class='ocrx_word' id='word_1_40' title='bbox 1318 833 1393 906; x_wconf 91' lang='lat' dir='ltr'><strong>olet,</strong></span> <span class='ocrx_word' id='word_1_41' title='bbox 1409 833 1510 907; x_wconf 83' lang='lat' dir='ltr'><strong>pectus</strong></span> 
     </span>
     <span class='ocr_line' id='line_1_6' title="bbox 377 935 1531 1014; baseline -0.007 -14"><span class='ocrx_word' id='word_1_42' title='bbox 377 940 550 1014; x_wconf 81' lang='lat' dir='ltr'><strong>eufiocatur,</strong></span> <span class='ocrx_word' id='word_1_43' title='bbox 574 941 665 1000; x_wconf 85' lang='lat' dir='ltr'><strong>tueeis</strong></span> <span class='ocrx_word' id='word_1_44' title='bbox 678 940 846 1013; x_wconf 74' lang='lat' dir='ltr'><strong>eorummet,</strong></span> <span class='ocrx_word' id='word_1_45' title='bbox 871 956 966 1014; x_wconf 79' lang='lat' dir='ltr'><strong>genua</strong></span> <span class='ocrx_word' id='word_1_46' title='bbox 980 938 1141 1014; x_wconf 84' lang='lat' dir='ltr'><strong>trepident,</strong></span> <span class='ocrx_word' id='word_1_47' title='bbox 1161 937 1236 997; x_wconf 88' lang='lat' dir='ltr'><strong>teloe</strong></span> <span class='ocrx_word' id='word_1_48' title='bbox 1258 937 1289 997; x_wconf 88' lang='lat' dir='ltr'><strong>et</strong></span> <span class='ocrx_word' id='word_1_49' title='bbox 1308 935 1396 1010; x_wconf 86' lang='lat' dir='ltr'><strong>pedoe</strong></span> <span class='ocrx_word' id='word_1_50' title='bbox 1416 936 1531 994; x_wconf 81' lang='lat' dir='ltr'><strong>tumore</strong></span> 
     </span>
    </p>
   </div>
   <div class='ocr_carea' id='block_1_3' title="bbox 373 1037 1545 2337">
    <p class='ocr_par' dir='ltr' id='par_1_3' title="bbox 373 1037 1545 2337">
     <span class='ocr_line' id='line_1_7' title="bbox 376 1037 1509 1115; baseline -0.003 -16"><span class='ocrx_word' id='word_1_51' title='bbox 376 1040 475 1101; x_wconf 86' lang='lat' dir='ltr'><strong>inflat:</strong></span> <span class='ocrx_word' id='word_1_52' title='bbox 491 1043 574 1103; x_wconf 87' lang='lat' dir='ltr'><strong>homo</strong></span> <span class='ocrx_word' id='word_1_53' title='bbox 590 1041 707 1102; x_wconf 89' lang='lat' dir='ltr'><strong>interior</strong></span> <span class='ocrx_word' id='word_1_54' title='bbox 718 1041 767 1115; x_wconf 86' lang='lat' dir='ltr'><strong>qui</strong></span> <span class='ocrx_word' id='word_1_55' title='bbox 778 1058 835 1101; x_wconf 91' lang='lat' dir='ltr'><strong>nou</strong></span> <span class='ocrx_word' id='word_1_56' title='bbox 850 1042 974 1102; x_wconf 89' lang='lat' dir='ltr'><strong>eeneecit</strong></span> <span class='ocrx_word' id='word_1_57' title='bbox 988 1041 1035 1100; x_wconf 83' lang='lat' dir='ltr'><strong>hie</strong></span> <span class='ocrx_word' id='word_1_58' title='bbox 1050 1040 1182 1102; x_wconf 80' lang='lat' dir='ltr'><strong>omnibus</strong></span> <span class='ocrx_word' id='word_1_59' title='bbox 1196 1039 1381 1113; x_wconf 78' lang='lat' dir='ltr'><strong>adgrauatur.</strong></span> <span class='ocrx_word' id='word_1_60' title='bbox 1397 1037 1509 1097; x_wconf 89' lang='lat' dir='ltr'><strong>ethaeo</strong></span> 
     </span>
     <span class='ocr_line' id='line_1_8' title="bbox 376 1139 1508 1219; baseline -0.005 -15"><span class='ocrx_word' id='word_1_61' title='bbox 376 1143 473 1204; x_wconf 90' lang='lat' dir='ltr'><strong>omnia</strong></span> <span class='ocrx_word' id='word_1_62' title='bbox 487 1144 627 1203; x_wconf 91' lang='lat' dir='ltr'><strong>ruituram</strong></span> <span class='ocrx_word' id='word_1_63' title='bbox 642 1145 698 1202; x_wconf 88' lang='lat' dir='ltr'><strong>iam</strong></span> <span class='ocrx_word' id='word_1_64' title='bbox 717 1143 829 1219; x_wconf 87' lang='lat' dir='ltr'><strong>iamque</strong></span> <span class='ocrx_word' id='word_1_65' title='bbox 850 1144 963 1204; x_wconf 93' lang='lat' dir='ltr'><strong>domum</strong></span> <span class='ocrx_word' id='word_1_66' title='bbox 978 1144 1106 1218; x_wconf 82' lang='lat' dir='ltr'><strong>corporis</strong></span> <span class='ocrx_word' id='word_1_67' title='bbox 1126 1142 1184 1203; x_wconf 91' lang='lat' dir='ltr'><strong>cito</strong></span> <span class='ocrx_word' id='word_1_68' title='bbox 1198 1140 1412 1216; x_wconf 72' lang='lat' dir='ltr'><strong>praenuntient.</strong></span> <span class='ocrx_word' id='word_1_69' title='bbox 1439 1139 1508 1215; x_wconf 90' lang='lat' dir='ltr'><strong>quid</strong></span> 
     </span>
     <span class='ocr_line' id='line_1_9' title="bbox 375 1241 1507 1320; baseline -0.005 -15"><span class='ocrx_word' id='word_1_70' title='bbox 375 1261 444 1320; x_wconf 81' lang='lat' dir='ltr'><strong>ergo</strong></span> <span class='ocrx_word' id='word_1_71' title='bbox 459 1248 601 1319; x_wconf 86' lang='lat' dir='ltr'><strong>eupereet,</strong></span> <span class='ocrx_word' id='word_1_72' title='bbox 616 1245 672 1304; x_wconf 89' lang='lat' dir='ltr'><strong>niei</strong></span> <span class='ocrx_word' id='word_1_73' title='bbox 689 1248 729 1318; x_wconf 91' lang='lat' dir='ltr'><strong>ut,</strong></span> <span class='ocrx_word' id='word_1_74' title='bbox 745 1247 813 1306; x_wconf 91' lang='lat' dir='ltr'><strong>dum</strong></span> <span class='ocrx_word' id='word_1_75' title='bbox 823 1244 910 1306; x_wconf 87' lang='lat' dir='ltr'><strong>huiue</strong></span> <span class='ocrx_word' id='word_1_76' title='bbox 925 1246 1003 1305; x_wconf 89' lang='lat' dir='ltr'><strong>uitae</strong></span> <span class='ocrx_word' id='word_1_77' title='bbox 1017 1244 1146 1305; x_wconf 79' lang='lat' dir='ltr'><strong>defectus</strong></span> <span class='ocrx_word' id='word_1_78' title='bbox 1161 1243 1321 1318; x_wconf 86' lang='lat' dir='ltr'><strong>adpropiat,</strong></span> <span class='ocrx_word' id='word_1_79' title='bbox 1340 1241 1413 1300; x_wconf 87' lang='lat' dir='ltr'><strong>nihil</strong></span> <span class='ocrx_word' id='word_1_80' title='bbox 1428 1241 1507 1300; x_wconf 91' lang='lat' dir='ltr'><strong>eliud</strong></span> 
     </span>
     <span class='ocr_line' id='line_1_10' title="bbox 374 1343 1510 1422; baseline -0.004 -16"><span class='ocrx_word' id='word_1_81' title='bbox 374 1347 502 1422; x_wconf 78' lang='lat' dir='ltr'><strong>cogitare</strong></span> <span class='ocrx_word' id='word_1_82' title='bbox 513 1364 598 1422; x_wconf 87' lang='lat' dir='ltr'><strong>quem</strong></span> <span class='ocrx_word' id='word_1_83' title='bbox 609 1348 747 1422; x_wconf 86' lang='lat' dir='ltr'><strong>quomodo</strong></span> <span class='ocrx_word' id='word_1_84' title='bbox 758 1346 872 1407; x_wconf 83' lang='lat' dir='ltr'><strong>futurae</strong></span> <span class='ocrx_word' id='word_1_85' title='bbox 881 1348 978 1407; x_wconf 82' lang='lat' dir='ltr'><strong>aditus</strong></span> <span class='ocrx_word' id='word_1_86' title='bbox 988 1361 1123 1422; x_wconf 78' lang='lat' dir='ltr'><strong>prospere</strong></span> <span class='ocrx_word' id='word_1_87' title='bbox 1133 1344 1379 1418; x_wconf 83' lang='lat' dir='ltr'><strong>conprehendatur</strong></span> <span class='ocrx_word' id='word_1_88' title='bbox 1389 1343 1510 1419; x_wconf 80' lang='lat' dir='ltr'><strong>quisque</strong></span> 
     </span>
     <span class='ocr_line' id='line_1_11' title="bbox 376 1447 1545 1524; baseline -0.004 -15"><span class='ocrx_word' id='word_1_89' title='bbox 376 1467 464 1510; x_wconf 90' lang='lat' dir='ltr'><strong>eenex</strong></span> <span class='ocrx_word' id='word_1_90' title='bbox 478 1453 618 1524; x_wconf 74' lang='lat' dir='ltr'><strong>appetat?</strong></span> <span class='ocrx_word' id='word_1_91' title='bbox 635 1450 787 1510; x_wconf 82' lang='lat' dir='ltr'><strong>iuuenibus</strong></span> <span class='ocrx_word' id='word_1_92' title='bbox 807 1450 883 1510; x_wconf 90' lang='lat' dir='ltr'><strong>euim</strong></span> <span class='ocrx_word' id='word_1_93' title='bbox 899 1450 1026 1510; x_wconf 77' lang='lat' dir='ltr'><strong>incertus</strong></span> <span class='ocrx_word' id='word_1_94' title='bbox 1046 1448 1133 1511; x_wconf 81' lang='lat' dir='ltr'><strong>huius</strong></span> <span class='ocrx_word' id='word_1_95' title='bbox 1154 1453 1232 1512; x_wconf 86' lang='lat' dir='ltr'><strong>niteo</strong></span> <span class='ocrx_word' id='word_1_96' title='bbox 1246 1448 1387 1511; x_wconf 77' lang='lat' dir='ltr'><strong>terminus</strong></span> <span class='ocrx_word' id='word_1_97' title='bbox 1407 1447 1545 1522; x_wconf 64' lang='lat' dir='ltr'><strong>instatur</strong></span> 
     </span>
     <span class='ocr_line' id='line_1_12' title="bbox 376 1549 1509 1629; baseline -0.002 -19"><span class='ocrx_word' id='word_1_98' title='bbox 376 1550 493 1611; x_wconf 80' lang='lat' dir='ltr'><strong>sonibus</strong></span> <span class='ocrx_word' id='word_1_99' title='bbox 508 1567 576 1611; x_wconf 90' lang='lat' dir='ltr'><strong>uero</strong></span> <span class='ocrx_word' id='word_1_100' title='bbox 591 1551 702 1611; x_wconf 83' lang='lat' dir='ltr'><strong>cunctis</strong></span> <span class='ocrx_word' id='word_1_101' title='bbox 716 1551 853 1611; x_wconf 76' lang='lat' dir='ltr'><strong>maturior</strong></span> <span class='ocrx_word' id='word_1_102' title='bbox 863 1566 899 1609; x_wconf 86' lang='lat' dir='ltr'><strong>ex</strong></span> <span class='ocrx_word' id='word_1_103' title='bbox 910 1550 965 1611; x_wconf 86' lang='lat' dir='ltr'><strong>hac</strong></span> <span class='ocrx_word' id='word_1_104' title='bbox 976 1551 1039 1612; x_wconf 90' lang='lat' dir='ltr'><strong>luco</strong></span> <span class='ocrx_word' id='word_1_105' title='bbox 1050 1568 1180 1612; x_wconf 87' lang='lat' dir='ltr'><strong>receeeue</strong></span> <span class='ocrx_word' id='word_1_106' title='bbox 1192 1551 1327 1629; x_wconf 90' lang='lat' dir='ltr'><strong>[breuiter</strong></span> <span class='ocrx_word' id='word_1_107' title='bbox 1338 1549 1509 1626; x_wconf 82' lang='lat' dir='ltr'><strong>concordetl.</strong></span> 
     </span>
     <span class='ocr_line' id='line_1_13' title="bbox 376 1653 1510 1729; baseline -0.002 -17"><span class='ocrx_word' id='word_1_108' title='bbox 376 1654 522 1713; x_wconf 84' lang='lat' dir='ltr'><strong>cauendae</strong></span> <span class='ocrx_word' id='word_1_109' title='bbox 537 1656 605 1713; x_wconf 88' lang='lat' dir='ltr'><strong>eunt</strong></span> <span class='ocrx_word' id='word_1_110' title='bbox 619 1669 688 1727; x_wconf 78' lang='lat' dir='ltr'><strong>ergo</strong></span> <span class='ocrx_word' id='word_1_111' title='bbox 703 1653 811 1712; x_wconf 92' lang='lat' dir='ltr'><strong>homini</strong></span> <span class='ocrx_word' id='word_1_112' title='bbox 832 1654 905 1713; x_wconf 91' lang='lat' dir='ltr'><strong>duae</strong></span> <span class='ocrx_word' id='word_1_113' title='bbox 927 1653 1105 1727; x_wconf 88' lang='lat' dir='ltr'><strong>particulae,</strong></span> <span class='ocrx_word' id='word_1_114' title='bbox 1127 1671 1199 1729; x_wconf 91' lang='lat' dir='ltr'><strong>quae</strong></span> <span class='ocrx_word' id='word_1_115' title='bbox 1213 1656 1243 1712; x_wconf 92' lang='lat' dir='ltr'><strong>iu</strong></span> <span class='ocrx_word' id='word_1_116' title='bbox 1259 1653 1338 1713; x_wconf 89' lang='lat' dir='ltr'><strong>illiue</strong></span> <span class='ocrx_word' id='word_1_117' title='bbox 1352 1669 1438 1712; x_wconf 89' lang='lat' dir='ltr'><strong>cerne</strong></span> <span class='ocrx_word' id='word_1_118' title='bbox 1453 1669 1510 1712; x_wconf 94' lang='lat' dir='ltr'><strong>non</strong></span> 
     </span>
     <span class='ocr_line' id='line_1_14' title="bbox 376 1753 1511 1828; baseline -0.002 -16"><span class='ocrx_word' id='word_1_119' title='bbox 376 1757 561 1815; x_wconf 85' lang='lat' dir='ltr'><strong>uetoroecunt</strong></span> <span class='ocrx_word' id='word_1_120' title='bbox 571 1759 602 1814; x_wconf 91' lang='lat' dir='ltr'><strong>et</strong></span> <span class='ocrx_word' id='word_1_121' title='bbox 616 1757 708 1816; x_wconf 90' lang='lat' dir='ltr'><strong>totum</strong></span> <span class='ocrx_word' id='word_1_122' title='bbox 723 1754 864 1815; x_wconf 90' lang='lat' dir='ltr'><strong>homiuem</strong></span> <span class='ocrx_word' id='word_1_123' title='bbox 878 1755 916 1813; x_wconf 89' lang='lat' dir='ltr'><strong>ad</strong></span> <span class='ocrx_word' id='word_1_124' title='bbox 930 1756 1104 1828; x_wconf 90' lang='lat' dir='ltr'><strong>peccandum</strong></span> <span class='ocrx_word' id='word_1_125' title='bbox 1117 1756 1297 1828; x_wconf 87' lang='lat' dir='ltr'><strong>pertrahunt,</strong></span> <span class='ocrx_word' id='word_1_126' title='bbox 1313 1771 1362 1814; x_wconf 91' lang='lat' dir='ltr'><strong>cor</strong></span> <span class='ocrx_word' id='word_1_127' title='bbox 1375 1753 1511 1814; x_wconf 89' lang='lat' dir='ltr'><strong>uidelicet</strong></span> 
     </span>
     <span class='ocr_line' id='line_1_15' title="bbox 376 1854 1505 1931; baseline -0.002 -15"><span class='ocrx_word' id='word_1_128' title='bbox 376 1860 406 1916; x_wconf 93' lang='lat' dir='ltr'><strong>et</strong></span> <span class='ocrx_word' id='word_1_129' title='bbox 419 1855 538 1930; x_wconf 79' lang='lat' dir='ltr'><strong>lingua:</strong></span> <span class='ocrx_word' id='word_1_130' title='bbox 554 1856 623 1931; x_wconf 86' lang='lat' dir='ltr'><strong>quia</strong></span> <span class='ocrx_word' id='word_1_131' title='bbox 636 1873 685 1916; x_wconf 92' lang='lat' dir='ltr'><strong>cor</strong></span> <span class='ocrx_word' id='word_1_132' title='bbox 700 1873 789 1916; x_wconf 81' lang='lat' dir='ltr'><strong>nouae</strong></span> <span class='ocrx_word' id='word_1_133' title='bbox 803 1872 916 1931; x_wconf 80' lang='lat' dir='ltr'><strong>sempor</strong></span> <span class='ocrx_word' id='word_1_134' title='bbox 930 1856 1122 1931; x_wconf 74' lang='lat' dir='ltr'><strong>cogitationes</strong></span> <span class='ocrx_word' id='word_1_135' title='bbox 1136 1855 1293 1917; x_wconf 90' lang='lat' dir='ltr'><strong>machinari</strong></span> <span class='ocrx_word' id='word_1_136' title='bbox 1318 1872 1375 1915; x_wconf 91' lang='lat' dir='ltr'><strong>uou</strong></span> <span class='ocrx_word' id='word_1_137' title='bbox 1390 1854 1505 1926; x_wconf 88' lang='lat' dir='ltr'><strong>deeinit,</strong></span> 
     </span>
     <span class='ocr_line' id='line_1_16' title="bbox 373 1956 1544 2032; baseline -0.003 -15"><span class='ocrx_word' id='word_1_138' title='bbox 373 1958 475 2032; x_wconf 75' lang='lat' dir='ltr'><strong>lingue</strong></span> <span class='ocrx_word' id='word_1_139' title='bbox 496 1956 608 2032; x_wconf 76' lang='lat' dir='ltr'><strong>inpigre</strong></span> <span class='ocrx_word' id='word_1_140' title='bbox 629 1958 757 2032; x_wconf 88' lang='lat' dir='ltr'><strong>loquitur</strong></span> <span class='ocrx_word' id='word_1_141' title='bbox 782 1959 976 2032; x_wconf 86' lang='lat' dir='ltr'><strong>quodcumque</strong></span> <span class='ocrx_word' id='word_1_142' title='bbox 997 1976 1046 2019; x_wconf 92' lang='lat' dir='ltr'><strong>cor</strong></span> <span class='ocrx_word' id='word_1_143' title='bbox 1066 1958 1224 2018; x_wconf 89' lang='lat' dir='ltr'><strong>machinari</strong></span> <span class='ocrx_word' id='word_1_144' title='bbox 1245 1957 1377 2017; x_wconf 87' lang='lat' dir='ltr'><strong>eeneerit.</strong></span> <span class='ocrx_word' id='word_1_145' title='bbox 1407 1958 1544 2016; x_wconf 81' lang='lat' dir='ltr'><strong>ceueetra</strong></span> 
     </span>
     <span class='ocr_line' id='line_1_17' title="bbox 375 2058 1508 2135; baseline -0.003 -17"><span class='ocrx_word' id='word_1_146' title='bbox 375 2075 444 2133; x_wconf 78' lang='lat' dir='ltr'><strong>ergo</strong></span> <span class='ocrx_word' id='word_1_147' title='bbox 459 2058 560 2118; x_wconf 87' lang='lat' dir='ltr'><strong>eeuilie</strong></span> <span class='ocrx_word' id='word_1_148' title='bbox 575 2064 665 2131; x_wconf 85' lang='lat' dir='ltr'><strong>eatae,</strong></span> <span class='ocrx_word' id='word_1_149' title='bbox 686 2076 721 2120; x_wconf 91' lang='lat' dir='ltr'><strong>ue</strong></span> <span class='ocrx_word' id='word_1_150' title='bbox 747 2059 821 2118; x_wconf 89' lang='lat' dir='ltr'><strong>ietao</strong></span> <span class='ocrx_word' id='word_1_151' title='bbox 841 2060 1059 2120; x_wconf 83' lang='lat' dir='ltr'><strong>iuueueeceutoe</strong></span> <span class='ocrx_word' id='word_1_152' title='bbox 1078 2060 1236 2135; x_wconf 89' lang='lat' dir='ltr'><strong>perticulee</strong></span> <span class='ocrx_word' id='word_1_153' title='bbox 1256 2061 1346 2119; x_wconf 86' lang='lat' dir='ltr'><strong>totam</strong></span> <span class='ocrx_word' id='word_1_154' title='bbox 1361 2058 1418 2117; x_wconf 90' lang='lat' dir='ltr'><strong>eibi</strong></span> <span class='ocrx_word' id='word_1_155' title='bbox 1438 2058 1508 2116; x_wconf 88' lang='lat' dir='ltr'><strong>har·</strong></span> 
     </span>
     <span class='ocr_line' id='line_1_18' title="bbox 376 2158 1507 2235; baseline -0.001 -17"><span class='ocrx_word' id='word_1_156' title='bbox 376 2161 500 2220; x_wconf 89' lang='lat' dir='ltr'><strong>moniam</strong></span> <span class='ocrx_word' id='word_1_157' title='bbox 515 2161 661 2234; x_wconf 90' lang='lat' dir='ltr'><strong>decipient</strong></span> <span class='ocrx_word' id='word_1_158' title='bbox 675 2163 705 2219; x_wconf 87' lang='lat' dir='ltr'><strong>et</strong></span> <span class='ocrx_word' id='word_1_159' title='bbox 719 2177 770 2234; x_wconf 91' lang='lat' dir='ltr'><strong>por</strong></span> <span class='ocrx_word' id='word_1_160' title='bbox 784 2176 831 2219; x_wconf 90' lang='lat' dir='ltr'><strong>ree</strong></span> <span class='ocrx_word' id='word_1_161' title='bbox 845 2160 957 2235; x_wconf 86' lang='lat' dir='ltr'><strong>ineptae</strong></span> <span class='ocrx_word' id='word_1_162' title='bbox 971 2160 1076 2234; x_wconf 86' lang='lat' dir='ltr'><strong>reliqui</strong></span> <span class='ocrx_word' id='word_1_163' title='bbox 1090 2162 1217 2235; x_wconf 87' lang='lat' dir='ltr'><strong>corporie</strong></span> <span class='ocrx_word' id='word_1_164' title='bbox 1243 2160 1417 2235; x_wconf 74' lang='lat' dir='ltr'><strong>grauitatem</strong></span> <span class='ocrx_word' id='word_1_165' title='bbox 1431 2158 1507 2217; x_wconf 92' lang='lat' dir='ltr'><strong>iulu-</strong></span> 
     </span>
     <span class='ocr_line' id='line_1_19' title="bbox 376 2258 1509 2337; baseline -0.003 -15"><span class='ocrx_word' id='word_1_166' title='bbox 376 2264 456 2322; x_wconf 85' lang='lat' dir='ltr'><strong>deut</strong></span> <span class='ocrx_word' id='word_1_167' title='bbox 479 2260 631 2337; x_wconf 89' lang='lat' dir='ltr'><strong>unicuique</strong></span> <span class='ocrx_word' id='word_1_168' title='bbox 646 2277 767 2334; x_wconf 89' lang='lat' dir='ltr'><strong>nemque</strong></span> <span class='ocrx_word' id='word_1_169' title='bbox 782 2258 1018 2323; x_wconf 83' lang='lat' dir='ltr'><strong>considerandum</strong></span> <span class='ocrx_word' id='word_1_170' title='bbox 1032 2265 1079 2322; x_wconf 90' lang='lat' dir='ltr'><strong>eet</strong></span> <span class='ocrx_word' id='word_1_171' title='bbox 1093 2262 1162 2337; x_wconf 88' lang='lat' dir='ltr'><strong>quid</strong></span> <span class='ocrx_word' id='word_1_172' title='bbox 1183 2265 1277 2322; x_wconf 86' lang='lat' dir='ltr'><strong>aetate</strong></span> <span class='ocrx_word' id='word_1_173' title='bbox 1301 2261 1437 2323; x_wconf 86' lang='lat' dir='ltr'><strong>eminenti</strong></span> <span class='ocrx_word' id='word_1_174' title='bbox 1452 2260 1509 2320; x_wconf 92' lang='lat' dir='ltr'><strong>iem</strong></span> 
     </span>
    </p>
   </div>
   <div class='ocr_carea' id='block_1_4' title="bbox 375 2362 1542 2525">
    <p class='ocr_par' dir='ltr' id='par_1_4' title="bbox 375 2362 1542 2525">
     <span class='ocr_line' id='line_1_20' title="bbox 375 2362 1509 2438; baseline 0.001 -18"><span class='ocrx_word' id='word_1_175' title='bbox 375 2363 495 2437; x_wconf 81' lang='lat' dir='ltr'><strong>dignum</strong></span> <span class='ocrx_word' id='word_1_176' title='bbox 509 2365 564 2435; x_wconf 87' lang='lat' dir='ltr'><strong>eet,</strong></span> <span class='ocrx_word' id='word_1_177' title='bbox 582 2367 615 2422; x_wconf 90' lang='lat' dir='ltr'><strong>ut</strong></span> <span class='ocrx_word' id='word_1_178' title='bbox 630 2364 684 2423; x_wconf 86' lang='lat' dir='ltr'><strong>lnoc</strong></span> <span class='ocrx_word' id='word_1_179' title='bbox 698 2365 767 2438; x_wconf 82' lang='lat' dir='ltr'><strong>eget</strong></span> <span class='ocrx_word' id='word_1_180' title='bbox 780 2363 855 2435; x_wconf 87' lang='lat' dir='ltr'><strong>quod</strong></span> <span class='ocrx_word' id='word_1_181' title='bbox 869 2380 922 2423; x_wconf 92' lang='lat' dir='ltr'><strong>nec</strong></span> <span class='ocrx_word' id='word_1_182' title='bbox 937 2362 1028 2423; x_wconf 93' lang='lat' dir='ltr'><strong>uitem</strong></span> <span class='ocrx_word' id='word_1_183' title='bbox 1042 2381 1095 2426; x_wconf 87' lang='lat' dir='ltr'><strong>noc</strong></span> <span class='ocrx_word' id='word_1_184' title='bbox 1109 2367 1234 2425; x_wconf 89' lang='lat' dir='ltr'><strong>aetatem</strong></span> <span class='ocrx_word' id='word_1_185' title='bbox 1249 2381 1302 2423; x_wconf 89' lang='lat' dir='ltr'><strong>nec</strong></span> <span class='ocrx_word' id='word_1_186' title='bbox 1316 2363 1509 2423; x_wconf 79' lang='lat' dir='ltr'><strong>ministerium</strong></span> 
     </span>
     <span class='ocr_line' id='line_1_21' title="bbox 375 2464 1542 2525; baseline -0.006 -2"><span class='ocrx_word' id='word_1_187' title='bbox 375 2464 434 2524; x_wconf 87' lang='lat' dir='ltr'><strong>uile</strong></span> <span class='ocrx_word' id='word_1_188' title='bbox 448 2464 559 2523; x_wconf 90' lang='lat' dir='ltr'><strong>reddet.</strong></span> <span class='ocrx_word' id='word_1_189' title='bbox 1516 2484 1542 2525; x_wconf 63' lang='grc' dir='ltr'><strong><em>ω</em></strong></span> 
     </span>
    </p>
   </div>
   <div class='ocr_carea' id='block_1_5' title="bbox 616 2650 1267 2712">
    <p class='ocr_par' dir='ltr' id='par_1_5' title="bbox 616 2650 1267 2712">
     <span class='ocr_line' id='line_1_22' title="bbox 616 2650 1267 2712; baseline 0.006 -4"><span class='ocrx_word' id='word_1_190' title='bbox 616 2650 861 2710; x_wconf 76' lang='lat' dir='ltr'>ADVLESCENS</span> <span class='ocrx_word' id='word_1_191' title='bbox 888 2651 977 2710; x_wconf 76' lang='lat' dir='ltr'><strong>emm</strong></span> <span class='ocrx_word' id='word_1_192' title='bbox 999 2650 1267 2712; x_wconf 78' lang='lat' dir='ltr'><strong>OBOEDIENTIA.</strong></span> 
     </span>
    </p>
   </div>
   <div class='ocr_carea' id='block_1_6' title="bbox 346 2784 1509 2964">
    <p class='ocr_par' dir='ltr' id='par_1_6' title="bbox 346 2784 1509 2964">
     <span class='ocr_line' id='line_1_23' title="bbox 346 2784 1508 2862; baseline -0.003 -15"><span class='ocrx_word' id='word_1_193' title='bbox 346 2790 366 2847; x_wconf 84' lang='lat'>3</span> <span class='ocrx_word' id='word_1_194' title='bbox 416 2784 532 2846; x_wconf 74' lang='lat' dir='ltr'><strong>&#39;l&#39;ertiue</strong></span> <span class='ocrx_word' id='word_1_195' title='bbox 547 2786 648 2847; x_wconf 88' lang='lat' dir='ltr'><strong>deinde</strong></span> <span class='ocrx_word' id='word_1_196' title='bbox 659 2788 765 2861; x_wconf 77' lang='lat' dir='ltr'><strong>gradus</strong></span> <span class='ocrx_word' id='word_1_197' title='bbox 779 2789 825 2847; x_wconf 84' lang='lat' dir='ltr'><strong>eet</strong></span> <span class='ocrx_word' id='word_1_198' title='bbox 843 2787 1013 2847; x_wconf 83' lang='lat' dir='ltr'><strong>adulescens</strong></span> <span class='ocrx_word' id='word_1_199' title='bbox 1033 2787 1095 2847; x_wconf 86' lang='lat' dir='ltr'><strong>eiue</strong></span> <span class='ocrx_word' id='word_1_200' title='bbox 1110 2787 1299 2859; x_wconf 78' lang='lat' dir='ltr'><strong>oboedientia,</strong></span> <span class='ocrx_word' id='word_1_201' title='bbox 1314 2803 1370 2862; x_wconf 88' lang='lat' dir='ltr'><strong>quo</strong></span> <span class='ocrx_word' id='word_1_202' title='bbox 1385 2787 1508 2846; x_wconf 76' lang='lat' dir='ltr'><strong>mundus</strong></span> 
     </span>
     <span class='ocr_line' id='line_1_24' title="bbox 375 2887 1509 2964; baseline 0.004 -19"><span class='ocrx_word' id='word_1_203' title='bbox 375 2889 493 2948; x_wconf 87' lang='lat' dir='ltr'><strong>erecto</strong></span> <span class='ocrx_word' id='word_1_204' title='bbox 523 2887 644 2948; x_wconf 90' lang='lat' dir='ltr'><strong>retiouie</strong></span> <span class='ocrx_word' id='word_1_205' title='bbox 672 2887 771 2948; x_wconf 91' lang='lat' dir='ltr'><strong>ordiue</strong></span> <span class='ocrx_word' id='word_1_206' title='bbox 800 2889 981 2962; x_wconf 85' lang='lat' dir='ltr'><strong>depreeatur.</strong></span> <span class='ocrx_word' id='word_1_207' title='bbox 1012 2889 1137 2964; x_wconf 83' lang='lat' dir='ltr'><strong>qualitor</strong></span> <span class='ocrx_word' id='word_1_208' title='bbox 1167 2905 1289 2964; x_wconf 86' lang='lat' dir='ltr'><strong>nemque</strong></span> <span class='ocrx_word' id='word_1_209' title='bbox 1315 2889 1345 2948; x_wconf 93' lang='lat' dir='ltr'><strong>in</strong></span> <span class='ocrx_word' id='word_1_210' title='bbox 1363 2891 1509 2949; x_wconf 75' lang='lat' dir='ltr'><strong>senectuto</strong></span> 
     </span>
    </p>
   </div>
   <div class='ocr_carea' id='block_1_7' title="bbox 370 3219 1547 4327">
    <p class='ocr_par' dir='ltr' id='par_1_7' title="bbox 370 3219 1547 4327">
     <span class='ocr_line' id='line_1_25' title="bbox 447 3219 1510 3292; baseline 0.006 -20"><span class='ocrx_word' id='word_1_211' title='bbox 447 3222 461 3272; x_wconf 93' lang='lat'>1</span> <span class='ocrx_word' id='word_1_212' title='bbox 481 3219 570 3273; x_wconf 87' lang='lat' dir='ltr'><strong>totiue</strong></span> <span class='ocrx_word' id='word_1_213' title='bbox 592 3220 706 3275; x_wconf 72' lang='lat' dir='ltr'><strong>uidetur</strong></span> <span class='ocrx_word' id='word_1_214' title='bbox 731 3234 800 3273; x_wconf 83' lang='lat' dir='ltr'><strong>corr.</strong></span> <span class='ocrx_word' id='word_1_215' title='bbox 820 3235 854 3275; x_wconf 75' lang='lat' dir='ltr'><strong>ec</strong></span> <span class='ocrx_word' id='word_1_216' title='bbox 876 3220 1005 3275; x_wconf 82' lang='lat' dir='ltr'><strong>citiueG</strong></span> <span class='ocrx_word' id='word_1_217' title='bbox 1176 3223 1361 3292; x_wconf 65' lang='lat' dir='ltr'><strong>iceliginent</strong></span> <span class='ocrx_word' id='word_1_218' title='bbox 1387 3222 1421 3286; x_wconf 82' lang='lat' dir='ltr'><strong>G,</strong></span> <span class='ocrx_word' id='word_1_219' title='bbox 1445 3223 1510 3278; x_wconf 86' lang='lat' dir='ltr'><strong>cali·</strong></span> 
     </span>
     <span class='ocr_line' id='line_1_26' title="bbox 373 3303 1547 3378; baseline 0.004 -22"><span class='ocrx_word' id='word_1_220' title='bbox 373 3305 441 3372; x_wconf 78' lang='lat' dir='ltr'><strong>gant</strong></span> <span class='ocrx_word' id='word_1_221' title='bbox 458 3303 534 3360; x_wconf 85' lang='lat' dir='ltr'><strong>XVv</strong></span> <span class='ocrx_word' id='word_1_222' title='bbox 624 3305 738 3361; x_wconf 78' lang='lat' dir='ltr'><strong>Banree</strong></span> <span class='ocrx_word' id='word_1_223' title='bbox 755 3325 782 3378; x_wconf 80' lang='lat' dir='ltr'><strong>g.</strong></span> <span class='ocrx_word' id='word_1_224' title='bbox 802 3308 918 3362; x_wconf 87' lang='lat' dir='ltr'><strong>audiunt</strong></span> <span class='ocrx_word' id='word_1_225' title='bbox 939 3306 1025 3361; x_wconf 79' lang='lat' dir='ltr'><strong>G’Xo</strong></span> <span class='ocrx_word' id='word_1_226' title='bbox 1114 3307 1243 3376; x_wconf 85' lang='lat' dir='ltr'><strong>pellerem</strong></span> <span class='ocrx_word' id='word_1_227' title='bbox 1266 3307 1306 3363; x_wconf 81' lang='lat' dir='ltr'><strong>Vc</strong></span> <span class='ocrx_word' id='word_1_228' title='bbox 1396 3308 1506 3378; x_wconf 82' lang='lat' dir='ltr'><strong>41eeei]</strong></span> <span class='ocrx_word' id='word_1_229' title='bbox 1545 3343 1547 3347; x_wconf 91' lang='lat'><em>-</em></span> 
     </span>
     <span class='ocr_line' id='line_1_27' title="bbox 372 3388 1474 3462; baseline 0.005 -21"><span class='ocrx_word' id='word_1_230' title='bbox 372 3388 478 3457; x_wconf 82' lang='lat' dir='ltr'><strong>lapeio</strong></span> <span class='ocrx_word' id='word_1_231' title='bbox 587 3391 746 3447; x_wconf 77' lang='lat' dir='ltr'><strong>boeciuuet</strong></span> <span class='ocrx_word' id='word_1_232' title='bbox 763 3396 802 3456; x_wconf 87' lang='lat' dir='ltr'><strong>X,</strong></span> <span class='ocrx_word' id='word_1_233' title='bbox 821 3393 961 3447; x_wconf 69' lang='lat' dir='ltr'><strong>ceo-iuuat</strong></span> <span class='ocrx_word' id='word_1_234' title='bbox 981 3393 1006 3445; x_wconf 79' lang='lat' dir='ltr'><em>G</em></span> <span class='ocrx_word' id='word_1_235' title='bbox 1115 3393 1238 3462; x_wconf 75' lang='lat' dir='ltr'><strong>thorno]</strong></span> <span class='ocrx_word' id='word_1_236' title='bbox 1257 3393 1341 3446; x_wconf 83' lang='lat' dir='ltr'><strong>etiem</strong></span> <span class='ocrx_word' id='word_1_237' title='bbox 1358 3393 1474 3448; x_wconf 90' lang='lat' dir='ltr'><strong>homoo</strong></span> 
     </span>
     <span class='ocr_line' id='line_1_28' title="bbox 373 3474 1508 3550; baseline 0.005 -22"><span class='ocrx_word' id='word_1_238' title='bbox 373 3474 500 3529; x_wconf 83' lang='lat' dir='ltr'><strong>lemnia</strong></span> <span class='ocrx_word' id='word_1_239' title='bbox 517 3490 568 3531; x_wconf 84' lang='lat' dir='ltr'><strong>om.</strong></span> <span class='ocrx_word' id='word_1_240' title='bbox 586 3479 618 3530; x_wconf 88' lang='lat' dir='ltr'><em>X</em></span> <span class='ocrx_word' id='word_1_241' title='bbox 718 3478 787 3534; x_wconf 87' lang='lat' dir='ltr'><strong>8ut</strong></span> <span class='ocrx_word' id='word_1_242' title='bbox 803 3493 853 3534; x_wconf 75' lang='lat' dir='ltr'><strong>one</strong></span> <span class='ocrx_word' id='word_1_243' title='bbox 876 3479 903 3534; x_wconf 92' lang='lat' dir='ltr'><strong><em>V</em></strong></span> <span class='ocrx_word' id='word_1_244' title='bbox 1002 3479 1067 3534; x_wconf 87' lang='lat' dir='ltr'><strong>duur</strong></span> <span class='ocrx_word' id='word_1_245' title='bbox 1084 3494 1135 3535; x_wconf 76' lang='lat' dir='ltr'><strong>one</strong></span> <span class='ocrx_word' id='word_1_246' title='bbox 1154 3479 1185 3532; x_wconf 89' lang='lat' dir='ltr'><em>X</em></span> <span class='ocrx_word' id='word_1_247' title='bbox 1286 3478 1508 3550; x_wconf 83' lang='lat' dir='ltr'><strong>adpropiatGX,</strong></span> 
     </span>
     <span class='ocr_line' id='line_1_29' title="bbox 372 3558 1508 3635; baseline 0.006 -23"><span class='ocrx_word' id='word_1_248' title='bbox 372 3558 592 3629; x_wconf 72' lang='lat' dir='ltr'><strong>adpropinquent</strong></span> <span class='ocrx_word' id='word_1_249' title='bbox 612 3561 654 3618; x_wconf 84' lang='lat' dir='ltr'><strong>Vv</strong></span> <span class='ocrx_word' id='word_1_250' title='bbox 791 3565 808 3618; x_wconf 86' lang='grc'>9</span> <span class='ocrx_word' id='word_1_251' title='bbox 827 3565 845 3618; x_wconf 85' lang='grc'><strong>1.</strong></span> <span class='ocrx_word' id='word_1_252' title='bbox 864 3564 965 3634; x_wconf 82' lang='lat' dir='ltr'><strong>edituo]</strong></span> <span class='ocrx_word' id='word_1_253' title='bbox 983 3563 1079 3618; x_wconf 82' lang='lat' dir='ltr'><strong>futura</strong></span> <span class='ocrx_word' id='word_1_254' title='bbox 1096 3564 1233 3619; x_wconf 85' lang='lat' dir='ltr'><strong>habitatio</strong></span> <span class='ocrx_word' id='word_1_255' title='bbox 1250 3581 1267 3620; x_wconf 85' lang='lat' dir='ltr'><strong>o</strong></span> <span class='ocrx_word' id='word_1_256' title='bbox 1398 3580 1508 3635; x_wconf 89' lang='lat' dir='ltr'><strong>conpre-</strong></span> 
     </span>
     <span class='ocr_line' id='line_1_30' title="bbox 372 3642 1508 3715; baseline 0.007 -19"><span class='ocrx_word' id='word_1_257' title='bbox 372 3642 475 3698; x_wconf 87' lang='lat' dir='ltr'><strong>hendat</strong></span> <span class='ocrx_word' id='word_1_258' title='bbox 495 3644 523 3699; x_wconf 88' lang='lat' dir='ltr'><strong><em>V</em></strong></span> <span class='ocrx_word' id='word_1_259' title='bbox 602 3647 637 3702; x_wconf 91' lang='lat'><strong>10</strong></span> <span class='ocrx_word' id='word_1_260' title='bbox 654 3649 725 3702; x_wconf 90' lang='lat' dir='ltr'><strong>enim</strong></span> <span class='ocrx_word' id='word_1_261' title='bbox 743 3664 794 3704; x_wconf 72' lang='lat' dir='ltr'><strong>oue</strong></span> <span class='ocrx_word' id='word_1_262' title='bbox 818 3650 848 3715; x_wconf 87' lang='lat' dir='ltr'><strong>V,</strong></span> <span class='ocrx_word' id='word_1_263' title='bbox 867 3653 958 3704; x_wconf 84' lang='lat' dir='ltr'><strong>eutem</strong></span> <span class='ocrx_word' id='word_1_264' title='bbox 976 3652 1010 3704; x_wconf 92' lang='lat' dir='ltr'><em>X</em></span> <span class='ocrx_word' id='word_1_265' title='bbox 1089 3651 1121 3703; x_wconf 96' lang='lat'><strong>11</strong></span> <span class='ocrx_word' id='word_1_266' title='bbox 1140 3654 1261 3705; x_wconf 73' lang='lat' dir='ltr'><strong>maturus</strong></span> <span class='ocrx_word' id='word_1_267' title='bbox 1279 3652 1313 3704; x_wconf 92' lang='lat' dir='ltr'><em>X</em></span> <span class='ocrx_word' id='word_1_268' title='bbox 1390 3667 1508 3706; x_wconf 84' lang='lat' dir='ltr'><strong>rcceaeue</strong></span> 
     </span>
     <span class='ocr_line' id='line_1_31' title="bbox 372 3731 1507 3802; baseline 0.008 -21"><span class='ocrx_word' id='word_1_269' title='bbox 372 3743 423 3782; x_wconf 79' lang='lat' dir='ltr'><strong>om.</strong></span> <span class='ocrx_word' id='word_1_270' title='bbox 442 3731 481 3796; x_wconf 88' lang='lat' dir='ltr'><strong>X,</strong></span> <span class='ocrx_word' id='word_1_271' title='bbox 499 3731 586 3785; x_wconf 81' lang='lat' dir='ltr'><strong>exitus</strong></span> <span class='ocrx_word' id='word_1_272' title='bbox 602 3748 621 3787; x_wconf 86' lang='lat' dir='ltr'><strong>o</strong></span> <span class='ocrx_word' id='word_1_273' title='bbox 723 3733 843 3789; x_wconf 87' lang='lat' dir='ltr'><strong>breuiter</strong></span> <span class='ocrx_word' id='word_1_274' title='bbox 859 3735 1003 3790; x_wconf 87' lang='lat' dir='ltr'><strong>concordat</strong></span> <span class='ocrx_word' id='word_1_275' title='bbox 1019 3752 1070 3791; x_wconf 75' lang='lat' dir='ltr'><strong>one.</strong></span> <span class='ocrx_word' id='word_1_276' title='bbox 1090 3735 1147 3790; x_wconf 79' lang='lat' dir='ltr'><strong>uV</strong></span> <span class='ocrx_word' id='word_1_277' title='bbox 1237 3736 1270 3790; x_wconf 80' lang='lat'><strong>13</strong></span> <span class='ocrx_word' id='word_1_278' title='bbox 1287 3738 1454 3790; x_wconf 86' lang='lat' dir='ltr'><strong>uetereeoent</strong></span> <span class='ocrx_word' id='word_1_279' title='bbox 1475 3736 1507 3802; x_wconf 94' lang='lat' dir='ltr'><strong>V,</strong></span> 
     </span>
     <span class='ocr_line' id='line_1_32' title="bbox 373 3815 1508 3888; baseline 0.008 -23"><span class='ocrx_word' id='word_1_280' title='bbox 373 3815 579 3871; x_wconf 85' lang='lat' dir='ltr'><strong>uotoraecuutv</strong></span> <span class='ocrx_word' id='word_1_281' title='bbox 716 3818 853 3873; x_wconf 86' lang='lat' dir='ltr'><strong>hominem</strong></span> <span class='ocrx_word' id='word_1_282' title='bbox 875 3835 965 3874; x_wconf 86' lang='lat' dir='ltr'><strong>aecum</strong></span> <span class='ocrx_word' id='word_1_283' title='bbox 987 3818 1022 3873; x_wconf 88' lang='lat' dir='ltr'><strong>ed</strong></span> <span class='ocrx_word' id='word_1_284' title='bbox 1045 3822 1217 3888; x_wconf 85' lang='lat' dir='ltr'><strong>peccatumo</strong></span> <span class='ocrx_word' id='word_1_285' title='bbox 1355 3822 1388 3874; x_wconf 81' lang='lat'><strong>14</strong></span> <span class='ocrx_word' id='word_1_286' title='bbox 1404 3820 1508 3888; x_wconf 75' lang='lat' dir='ltr'><strong>temper</strong></span> 
     </span>
     <span class='ocr_line' id='line_1_33' title="bbox 372 3901 1475 3977; baseline 0.008 -25"><span class='ocrx_word' id='word_1_287' title='bbox 372 3914 456 3954; x_wconf 85' lang='lat' dir='ltr'><strong>nouae</strong></span> <span class='ocrx_word' id='word_1_288' title='bbox 478 3901 504 3954; x_wconf 94' lang='lat' dir='ltr'><strong><em>V</em></strong></span> <span class='ocrx_word' id='word_1_289' title='bbox 572 3902 606 3957; x_wconf 81' lang='lat'><strong>15</strong></span> <span class='ocrx_word' id='word_1_290' title='bbox 623 3904 776 3960; x_wconf 80' lang='lat' dir='ltr'><strong>machinare</strong></span> <span class='ocrx_word' id='word_1_291' title='bbox 799 3907 834 3962; x_wconf 83' lang='lat' dir='ltr'><em>X</em></span> <span class='ocrx_word' id='word_1_292' title='bbox 900 3906 1050 3962; x_wconf 88' lang='lat' dir='ltr'><strong>machinari</strong></span> <span class='ocrx_word' id='word_1_293' title='bbox 1067 3923 1112 3961; x_wconf 93' lang='lat' dir='ltr'><strong>oor</strong></span> <span class='ocrx_word' id='word_1_294' title='bbox 1133 3905 1174 3962; x_wconf 86' lang='lat' dir='ltr'><strong>Vo</strong></span> <span class='ocrx_word' id='word_1_295' title='bbox 1243 3907 1277 3961; x_wconf 88' lang='grc'><strong>16</strong></span> <span class='ocrx_word' id='word_1_296' title='bbox 1294 3922 1357 3977; x_wconf 77' lang='lat' dir='ltr'><strong>orgo</strong></span> <span class='ocrx_word' id='word_1_297' title='bbox 1373 3922 1424 3963; x_wconf 76' lang='lat' dir='ltr'><strong>one</strong></span> <span class='ocrx_word' id='word_1_298' title='bbox 1443 3910 1475 3961; x_wconf 91' lang='lat' dir='ltr'><em>X</em></span> 
     </span>
     <span class='ocr_line' id='line_1_34' title="bbox 373 3985 1506 4063; baseline 0.009 -25"><span class='ocrx_word' id='word_1_299' title='bbox 373 3985 436 4054; x_wconf 83' lang='lat' dir='ltr'><strong>eibi]</strong></span> <span class='ocrx_word' id='word_1_300' title='bbox 454 3986 532 4043; x_wconf 83' lang='lat' dir='ltr'><strong>uuio</strong></span> <span class='ocrx_word' id='word_1_301' title='bbox 665 3991 814 4046; x_wconf 86' lang='lat' dir='ltr'><strong>armoniam</strong></span> <span class='ocrx_word' id='word_1_302' title='bbox 837 3991 894 4048; x_wconf 78' lang='lat' dir='ltr'><strong>GX</strong></span> <span class='ocrx_word' id='word_1_303' title='bbox 1025 3993 1058 4046; x_wconf 85' lang='grc'><strong>17</strong></span> <span class='ocrx_word' id='word_1_304' title='bbox 1076 3993 1210 4063; x_wconf 77' lang='lat' dir='ltr'><strong>grauitati</strong></span> <span class='ocrx_word' id='word_1_305' title='bbox 1228 3996 1261 4047; x_wconf 93' lang='lat' dir='ltr'><em>X</em></span> <span class='ocrx_word' id='word_1_306' title='bbox 1378 3995 1413 4048; x_wconf 88' lang='lat'><strong>18</strong></span> <span class='ocrx_word' id='word_1_307' title='bbox 1429 4010 1506 4047; x_wconf 87' lang='lat' dir='ltr'><strong>uem·</strong></span> 
     </span>
     <span class='ocr_line' id='line_1_35' title="bbox 371 4070 1507 4143; baseline 0.006 -20"><span class='ocrx_word' id='word_1_308' title='bbox 371 4070 432 4139; x_wconf 90' lang='lat' dir='ltr'><strong>que]</strong></span> <span class='ocrx_word' id='word_1_309' title='bbox 450 4073 541 4126; x_wconf 84' lang='lat' dir='ltr'><strong>autern</strong></span> <span class='ocrx_word' id='word_1_310' title='bbox 560 4075 599 4139; x_wconf 87' lang='lat' dir='ltr'><strong>X,</strong></span> <span class='ocrx_word' id='word_1_311' title='bbox 617 4076 722 4132; x_wconf 79' lang='lat' dir='ltr'><strong>auimo</strong></span> <span class='ocrx_word' id='word_1_312' title='bbox 825 4080 957 4133; x_wconf 70' lang='lat' dir='ltr'><strong>aetateeot</strong></span> <span class='ocrx_word' id='word_1_313' title='bbox 973 4079 1012 4143; x_wconf 92' lang='lat' dir='ltr'><strong>X,</strong></span> <span class='ocrx_word' id='word_1_314' title='bbox 1030 4077 1116 4131; x_wconf 87' lang='lat' dir='ltr'><strong>aetati</strong></span> <span class='ocrx_word' id='word_1_315' title='bbox 1134 4080 1163 4131; x_wconf 90' lang='lat' dir='ltr'><strong>et</strong></span> <span class='ocrx_word' id='word_1_316' title='bbox 1179 4079 1206 4132; x_wconf 93' lang='lat' dir='ltr'><strong><em>V</em></strong></span> <span class='ocrx_word' id='word_1_317' title='bbox 1305 4077 1435 4134; x_wconf 88' lang='lat' dir='ltr'><strong>eminenti</strong></span> <span class='ocrx_word' id='word_1_318' title='bbox 1451 4078 1507 4131; x_wconf 84' lang='lat' dir='ltr'><strong>iam</strong></span> 
     </span>
     <span class='ocr_line' id='line_1_36' title="bbox 370 4157 1473 4233; baseline 0.008 -25"><span class='ocrx_word' id='word_1_319' title='bbox 370 4157 478 4224; x_wconf 77' lang='lat' dir='ltr'><strong>ecre&#39;pee&#39;,</strong></span> <span class='ocrx_word' id='word_1_320' title='bbox 496 4157 645 4214; x_wconf 87' lang='lat' dir='ltr'><strong>eminentie</strong></span> <span class='ocrx_word' id='word_1_321' title='bbox 666 4161 743 4225; x_wconf 69' lang='lat'><strong>0¹21,</strong></span> <span class='ocrx_word' id='word_1_322' title='bbox 761 4162 924 4217; x_wconf 87' lang='lat' dir='ltr'><strong>emiuoueiee</strong></span> <span class='ocrx_word' id='word_1_323' title='bbox 945 4165 976 4230; x_wconf 92' lang='lat' dir='ltr'><strong>V,</strong></span> <span class='ocrx_word' id='word_1_324' title='bbox 995 4163 1125 4219; x_wconf 82' lang='lat' dir='ltr'><strong>eminenti</strong></span> <span class='ocrx_word' id='word_1_325' title='bbox 1148 4164 1202 4218; x_wconf 81' lang='lat' dir='ltr'><strong>G²o</strong></span> <span class='ocrx_word' id='word_1_326' title='bbox 1281 4165 1314 4218; x_wconf 89' lang='grc'><strong>19</strong></span> <span class='ocrx_word' id='word_1_327' title='bbox 1331 4164 1382 4233; x_wconf 88' lang='lat' dir='ltr'><strong>eet]</strong></span> <span class='ocrx_word' id='word_1_328' title='bbox 1400 4164 1473 4217; x_wconf 82' lang='lat' dir='ltr'><strong>aito</strong></span> 
     </span>
     <span class='ocr_line' id='line_1_37' title="bbox 370 4241 1472 4327; baseline 0.009 -31"><span class='ocrx_word' id='word_1_329' title='bbox 370 4241 406 4296; x_wconf 75' lang='lat'><strong>20</strong></span> <span class='ocrx_word' id='word_1_330' title='bbox 423 4243 506 4297; x_wconf 87' lang='lat' dir='ltr'><strong>uilem</strong></span> <span class='ocrx_word' id='word_1_331' title='bbox 530 4243 569 4298; x_wconf 76' lang='grc' dir='ltr'><strong>θ’</strong></span> <span class='ocrx_word' id='word_1_332' title='bbox 707 4246 742 4301; x_wconf 78' lang='lat'><strong>22</strong></span> <span class='ocrx_word' id='word_1_333' title='bbox 760 4247 864 4318; x_wconf 83' lang='lat' dir='ltr'><strong>deinde]</strong></span> <span class='ocrx_word' id='word_1_334' title='bbox 888 4250 1026 4305; x_wconf 86' lang='lat' dir='ltr'><strong>abueiouie</strong></span> <span class='ocrx_word' id='word_1_335' title='bbox 1044 4252 1095 4305; x_wconf 91' lang='lat' dir='ltr'><strong>Xo-</strong></span> <span class='ocrx_word' id='word_1_336' title='bbox 1229 4250 1416 4327; x_wconf 73' lang='lat' dir='ltr'><strong>eboodigentia</strong></span> <span class='ocrx_word' id='word_1_337' title='bbox 1435 4249 1472 4300; x_wconf 78' lang='lat'><strong>0¹</strong></span> 
     </span>
    </p>
   </div>
   <div class='ocr_carea' id='block_1_8' title="bbox 0 0 1864 4920">
    <p class='ocr_par' dir='ltr' id='par_1_8' title="bbox 0 0 1864 4920">
     <span class='ocr_line' id='line_1_38' title="bbox 0 0 1864 4920; baseline 0 2"><span class='ocrx_word' id='word_1_338' title='bbox 0 0 1864 4920; x_wconf 95' lang='lat' dir='ltr'><strong> </strong></span> 
     </span>
    </p>
   </div>
  </div>
 </body>
</html>
