3720 4920
629 349 675 405 De
691 350 794 405 laude
811 351 975 419 martyrii
996 367 1019 405 c.
1038 351 1150 407 15-17.
1296 427 1298 431 y
1416 361 1460 426 39

316 504 376 590 est)
404 509 525 570 caminis
550 508 683 582 quotiens
708 507 913 569 anhelantibus
939 511 1076 569 aestuans
1099 509 1177 583 ignis
1201 509 1352 586 coemitur,
1379 513 1461 574 aditu

315 612 411 670 torrae
437 609 532 671 canali
558 613 681 684 angusto
707 609 789 670 diues
814 602 939 670 fiammis
965 610 1078 670 elicitur
1104 615 1134 671 et
1160 612 1347 673 refluentibus
1367 613 1461 689 glebis

316 729 404 774 arena
429 714 580 775 retinetur.
607 715 682 773 unde
707 729 825 774 necesse
850 715 897 773 est
922 713 1059 773 uniuersa
1084 714 1214 787 creterra,
1241 733 1297 788 quo
1319 716 1463 791 possimus

316 815 393 875 omni
416 815 525 876 scelere
547 831 652 888 carere,
675 814 752 875 sicut
765 830 817 889 per
831 816 1003 890 prophetam
1018 833 1102 875 suum
1118 816 1206 876 dixit:
1229 822 1267 879 et
1288 819 1321 878 si
1344 836 1462 880 coram

294 917 528 977 ohomiuibus
555 919 741 978 tormenta
768 918 871 991 passi
903 919 1007 990 sunt,
1041 921 1162 978 tamen
1195 937 1280 993 spes
1309 920 1463 982 illorum

314 1018 598 1081 inmortalitate
619 1017 727 1093 plena
747 1021 821 1093 est,
850 1022 888 1079 et
909 1019 1039 1079 uexati
1060 1020 1096 1079 iu
1123 1021 1253 1094 paucis
1274 1021 1311 1081 in
1332 1024 1463 1084 multis

315 1123 407 1184 bene
432 1123 687 1197 disponentur,
710 1123 881 1198 quoniam
902 1123 998 1183 Deus
1021 1124 1226 1197 temptauit
1248 1142 1321 1198 eos,
1350 1129 1387 1186 et
1407 1127 1460 1186 in·

315 1224 421 1285 uenit
452 1224 543 1284 illos
576 1225 707 1299 dignos
735 1223 794 1284 sui
823 1228 860 1284 st
889 1224 996 1298 qnasi
1020 1225 1278 1285 holocaustam
1300 1227 1462 1287 hostiam

314 1327 461 1402 accepit
483 1327 581 1388 illos.

280 1443 309 1485 ro
361 1429 443 1500 Quod
464 1429 491 1489 si
510 1432 540 1489 te
560 1428 688 1502 dignitas
708 1429 861 1490 ambitiosa
879 1430 1009 1490 deterret
1028 1431 1058 1489 at
1082 1433 1258 1504 congregata
1271 1430 1301 1489 in
1316 1431 1512 1491 thesauris17

317 1533 457 1608 pecuniae
478 1532 612 1592 admonet
633 1531 809 1606 magnitudo,
835 1549 909 1606 quoe
929 1550 1043 1606 semper
1056 1534 1236 1608 propositum
1250 1534 1342 1593 bonas
1357 1532 1463 1593 manha

317 1635 426 1695 auertit
440 1637 471 1693 et
485 1634 619 1693 deuotam
633 1650 685 1706 pro
700 1632 822 1694 Domiuo
838 1650 890 1694 suo
904 1635 1030 1695 animam
1040 1635 1140 1694 furiali
1150 1635 1212 1708 egit
1223 1635 1339 1705 honore,
1356 1650 1463 1708 quaeso

319 1738 436 1810 repetas
461 1737 551 1796 uerba
576 1735 721 1796 caelestia.
744 1739 863 1795 namet
885 1736 939 1795 illa
964 1754 1019 1796 uox
1045 1738 1168 1797 dicentis
1189 1740 1235 1796 est
1257 1735 1379 1796 Christi:
1402 1735 1464 1809 qui

315 1838 530 1912 perdiderit
555 1838 710 1897 animam
738 1854 835 1896 suam
867 1854 930 1911 pro
957 1838 1101 1898 nomine
1130 1854 1214 1910 meo,
1243 1837 1405 1911 recipiet
1425 1836 1463 1896 in

284 1940 387 2000 reboo
426 1938 575 1998 saeculo
616 1939 830 2012 centuplum
864 1941 900 1998 et
932 1939 968 1997 in
1001 1940 1131 2000 iuturo
1165 1940 1319 1999 habebit
1351 1939 1463 1999 uitam
1539 2003 1541 2007 ,

319 2043 516 2101 aeternam.
540 2057 597 2114 qua
618 2041 717 2114 utique
740 2040 816 2099 nihil
836 2041 940 2113 maius,
963 2041 1038 2101 nihil
1058 2041 1167 2115 aptius,
1191 2043 1265 2101 nihil
1280 2041 1381 2101 utilius
1395 2058 1464 2101 cou-

319 2147 423 2218 pntare
438 2143 584 2202 debemus.
606 2160 673 2201 nam
688 2143 758 2202 licet
772 2143 963 2215 pretiosarum
978 2143 1104 2202 uestium
1118 2162 1196 2204 more
1207 2162 1335 2219 purpura
1349 2144 1380 2201 in
1394 2144 1464 2202 ima-

318 2244 403 2321 gines
429 2248 528 2305 currat
550 2247 580 2306 ot
600 2244 825 2306 lentescentibus
848 2246 906 2305 iilis
931 2263 1032 2306 aurum
1054 2248 1131 2306 erret
1150 2248 1187 2306 ad
1202 2246 1336 2321 speciem,
1362 2261 1415 2305 nec
1429 2244 1465 2306 de

321 2348 434 2408 effossis
461 2347 564 2423 mauis
589 2347 694 2420 quibus
720 2348 863 2407 incumbis
888 2347 985 2408 desint
998 2348 1117 2408 metalla
1131 2349 1276 2407 thesauri:
1292 2365 1392 2420 uacua,
1406 2348 1465 2406 nisi

422 2581 440 2634 4
458 2579 520 2649 sap.
538 2579 563 2644 a,
581 2580 610 2635 4.
628 2580 654 2633 5.
676 2621 678 2624 .
760 2579 795 2634 13
812 2580 913 2634 naeth.
933 2580 976 2644 re,
994 2581 1039 2636 aa.

365 2780 409 2849 ll
423 2779 637 2834 anihellantibus
648 2781 684 2844 L,
696 2796 761 2835 sane
772 2780 967 2850 languentibus
980 2780 1032 2851 QT
1108 2781 1235 2851 2terrac]
1247 2782 1369 2836 terrestri
1383 2781 1434 2852 QT

320 2864 430 2920 flamma
446 2882 477 2921 o·
615 2866 731 2936 elegitur
748 2865 842 2937 NQT,
861 2866 976 2936 erigitur
994 2866 1052 2922 111²
1202 2867 1290 2937 gleuis
1308 2868 1409 2922 harena
1427 2867 1462 2933 P,

318 2951 389 3005 leuia
407 2951 526 3017 (lenibus
545 2951 580 3019 T)
598 2950 701 3005 harena
719 2950 771 3021 QT
890 2950 1017 3006 bueoose
1034 2952 1073 3007 M
1088 2952 1205 3020 (necesse
1223 2955 1266 3005 est
1284 2951 1319 3022 Q)
1434 2970 1466 3007 ss

316 3033 426 3088 suffene
452 3032 594 3103 incipite?
696 3032 767 3102 quod
786 3032 837 3103 Ql'
950 3033 1062 3088 somne
1082 3033 1170 3104 Qum
1294 3025 1378 3092 'ldrr's
1396 3037 1432 3094 S'

317 3133 363 3172 eos
382 3117 412 3183 S,
429 3118 492 3172 illos
509 3117 663 3188 LNPle
792 3118 812 3175 8
830 3117 921 3187 dignis
941 3118 977 3172 Y¹
1109 3121 1161 3188 sui]
1179 3135 1208 3174 se
1225 3120 1297 3193 LQo
1408 3123 1466 3178 olo·

317 3205 414 3258 musta
434 3202 489 3274 OS,
506 3203 693 3258 holocaustum
711 3203 760 3268 Ρ,
777 3202 965 3258 holocaustis
1064 3204 1250 3276 lupricato
1354 3223 1466 3277 cougre-

316 3291 384 3358 gsta
403 3287 431 3354 S,
450 3291 578 3358 congesta
595 3289 749 3359 LNPQTo
862 3290 1018 3344 thensauris
1035 3289 1114 3360 Pus
1222 3291 1465 3363 memorerm]

317 3359 370 3456 dn}
387 3373 548 3442 magnitudo
566 3373 597 3437 S,
614 3372 774 3442 magnitudo
793 3373 954 3428 admoneto
1046 3376 1267 3447 praepositqu
1365 3378 1400 3431 12
1417 3393 1466 3447 pro

296 3443 370 3515 orii.
389 3458 437 3514 No
564 3459 625 3528 agit
643 3458 703 3522 S'v.
720 3458 797 3529 aegit
814 3459 877 3523 NT,
896 3456 1009 3513 elidite
1132 3460 1233 3515 honore
1250 3476 1320 3516 corr.
1337 3462 1370 3516 in
1387 3477 1466 3518 onere

321 3541 395 3598 om.
413 3547 452 3608 2„
469 3543 612 3598 horrores
727 3544 761 3598 13
778 3545 816 3613 et]
834 3544 862 3598 id
882 3544 933 3615 QT
1046 3545 1098 3599 ills
1116 3544 1146 3608 S,
1164 3546 1224 3615 ipsa
1242 3547 1396 3617 LNPQTo

321 3643 387 3684 uoce
408 3629 440 3699 Q,
457 3631 518 3684 uoci
537 3630 581 3694 M,
599 3645 678 3685 uoces
697 3630 723 3683 Τ
790 3632 825 3685 14
835 3632 945 3699 propter
956 3630 1070 3684 meib.
1084 3647 1105 3684 s
1118 3631 1268 3702 reeipietQ
1337 3634 1372 3687 1o
1382 3633 1466 3688 habc-

316 3713 360 3769 bit
376 3731 404 3768 u.
422 3731 461 3769 as
480 3715 517 3780 8,
535 3716 623 3769 uitam
641 3718 779 3770 aeternam
803 3715 953 3786 possidebit
971 3715 1124 3786 LNPorb
1262 3718 1296 3771 16
1313 3718 1394 3787 nihil]
1413 3734 1467 3789 qua

316 3798 389 3853 nihil
406 3799 495 3865 LPT,
512 3801 577 3869 quia
593 3801 708 3872 uihilQ
825 3801 897 3855 nihil
915 3802 1008 3870 aptius
1025 3817 1076 3856 eru.
1096 3802 1137 3857 To
1259 3803 1367 3877 utilius]
1386 3808 1417 3857 nt
1435 3803 1465 3858 in

318 3884 390 3939 nihil
410 3885 437 3939 T
539 3887 573 3940 17
591 3886 720 3956 imaginis
740 3887 827 3958 QS'T
929 3887 1466 3958 1810ntesgentibusQP,lentescendi·

316 3968 368 4024 bus
385 3970 414 4024 P
431 3971 511 4025 dibus
528 3973 562 4025 ire
578 3987 644 4036 rae„
661 3972 868 4027 enitiaoentibns
886 3972 910 4026 8
1025 3973 1094 4029 fllia
1112 3974 1147 4037 1¹,
1164 3973 1232 4028 tiliis
1250 3974 1274 4029 S
1384 3976 1463 4044 erret]

315 4054 394 4110 heret
411 4056 440 4110 P
527 4057 562 4111 19
579 4057 612 4111 de
629 4057 742 4126 effossis]
761 4057 794 4112 de
812 4058 894 4112 fossis
912 4057 940 4121 S,
960 4058 994 4113 de
1011 4058 1117 4113 oiiosais
1137 4058 1161 4129 Q
1178 4058 1210 4113 de
1227 4074 1249 4113 a.
1267 4059 1284 4114 1.
1366 4058 1466 4128 quibus

314 4140 403 4211 cuiQ
508 4143 628 4196 incumbi
648 4142 734 4213 Qum
770 4184 772 4188 »
836 4143 924 4198 desini
939 4144 990 4216 QT
1092 4144 1233 4199 thensauri
1252 4143 1335 4215 Pes,
1355 4146 1466 4199 thesau-

314 4227 353 4281 ris
371 4225 423 4283 S'e
510 4229 604 4298 uacua]
623 4231 714 4283 minen
732 4229 831 4285 oddo
