3720 4920
395 365 438 431 22
873 361 1059 434 Appendix·

398 523 520 582 mortes:
536 524 609 582 uibil
625 524 685 582 tam
701 537 828 594 saeuum,
850 525 908 580 tam
925 523 1036 596 duurum,
1057 526 1118 582 tem
1139 523 1233 596 triste,
1256 537 1341 595 quam
1356 517 1493 580 cecidisse
1508 520 1547 578 de

400 625 459 682 alto
474 623 630 697 pudicitiae
641 625 744 698 gradu.
761 623 841 697 digni
856 627 938 682 tanto
953 623 1055 684 iudicis
1071 623 1167 685 diuini
1181 624 1317 698 praemio,
1333 638 1452 696 quorum
1467 621 1543 681 aiter

400 727 481 801 regio
503 743 592 801 paene
615 727 718 787 throno
741 725 955 798 inlustraretur,
977 726 1068 787 alteru
1093 726 1243 788 concordis
1257 724 1353 785 mariti
1368 725 1469 784 dotata
1482 721 1541 782 ini·

399 829 536 888 micorum
557 828 696 887 mortibus
712 828 909 886 redimeretur.
932 829 1003 887 baec
1018 831 1085 888 sunt
1100 832 1130 887 et
1147 827 1194 887 his
1208 826 1317 886 similia
1331 840 1444 898 semper
1458 823 1542 884 nobis

398 931 465 989 aute
479 929 577 989 oeulos
593 927 724 1004 exempla
738 929 878 1002 ponenda,
892 929 939 988 bis
954 929 1036 1003 paria
1048 928 1152 989 diebus
1166 928 1355 1002 noctibusque
1367 925 1563 988 meditandas

347 1031 383 1086 11
438 1031 520 1090 Nihil
535 1031 662 1089 animum
677 1028 791 1090 fidelem
805 1030 848 1090 sic
862 1031 987 1090 delectat
1001 1048 1086 1104 quam
1106 1032 1221 1104 integre
1234 1030 1402 1089 inmaculati
1422 1027 1541 1102 pudoris

397 1131 582 1193 conscientia.
606 1131 782 1207 uoluptatem
805 1131 909 1192 uicisse
932 1134 1066 1206 uoluptas
1081 1136 1128 1192 est
1142 1132 1281 1192 maxima:
1305 1147 1360 1191 nec
1373 1131 1435 1190 ulls
1449 1128 1540 1189 maior

398 1237 444 1292 est
458 1233 580 1292 uictoria
594 1251 679 1307 qnam
694 1250 728 1293 ea
743 1248 816 1306 quae
832 1233 867 1292 de
882 1235 1090 1307 cupiditatibus
1111 1235 1245 1294 refertur.
1269 1235 1318 1308 qui
1341 1234 1451 1292 hostem
1466 1231 1538 1291 uicit

392 1335 494 1396 sortior
514 1334 581 1407 fuit,
601 1335 652 1395 sed
677 1333 790 1395 altero:
814 1336 863 1409 qui
891 1335 1039 1395 libidinem
1055 1337 1193 1412 repressit
1216 1353 1247 1397 se
1265 1336 1328 1409 ipso
1342 1334 1445 1394 fortior
1464 1333 1536 1394 toit:

391 1436 441 1510 qui
456 1437 603 1497 inimicum
618 1439 777 1511 prostrauit
792 1439 940 1496 externum
961 1439 1071 1498 boetem
1095 1438 1252 1512 percussit:
1276 1437 1326 1511 qui
1347 1436 1533 1510 cupiditatem
1543 1458 1573 1498 ro

391 1538 533 1611 depressit
547 1538 659 1598 hostem
674 1538 860 1598 domesticum
875 1539 1032 1611 superauit.
1057 1540 1163 1599 malum
1179 1554 1262 1599 omne
1277 1538 1393 1597 facilius
1407 1537 1533 1596 uincitur

391 1656 475 1712 qurum
487 1640 631 1714 uoluptas,
646 1641 798 1715 quiaillud
810 1639 949 1714 quidquid
963 1645 1009 1701 est
1025 1642 1169 1701 horridum
1184 1645 1239 1714 est,
1255 1642 1309 1700 hoc
1325 1641 1461 1698 blandum
1476 1640 1533 1698 est.

389 1743 464 1801 nihil
479 1745 539 1803 tum
555 1742 672 1802 difficile
687 1744 857 1818 obprimitur
872 1760 958 1815 quam
970 1745 1044 1816 quod
1060 1761 1111 1817 per
1122 1746 1195 1803 illud
1207 1745 1346 1803 armatur.
1362 1742 1412 1816 qui
1423 1741 1531 1815 cupidi-

391 1847 466 1904 tates
493 1843 572 1904 tollit
592 1848 622 1904 et
644 1847 738 1904 metus
764 1845 899 1903 sustulit:
927 1861 994 1903 nam
1009 1860 1043 1903 ex
1064 1844 1272 1918 cupiditatibus
1293 1846 1387 1903 metus
1400 1841 1531 1902 ueniunt.

391 1947 440 2020 qui
455 1947 629 2020 cupiditates
644 1947 716 2007 uicit
731 1947 766 2006 de
781 1949 898 2020 peccato
913 1947 1116 2019 triumphauit,
1132 1946 1181 2020 qui
1197 1945 1370 2019 cupiditates
1385 1944 1456 2004 uicit
1470 1962 1529 2004 ma·
1539 1967 1567 2008 rs

390 2049 449 2107 lum
471 2049 585 2120 generis
606 2047 723 2106 humani
738 2049 792 2106 sub
807 2048 929 2119 pedibus
944 2047 1005 2106 suis
1020 2048 1112 2107 iacere
1128 2047 1266 2117 ostendit,
1290 2048 1339 2120 qui
1356 2046 1530 2119 cupiditates

390 2148 461 2208 uicit
475 2165 573 2221 pacem
596 2148 652 2209 sibi
667 2150 833 2222 perpetuam
848 2148 936 2218 dedit,
952 2148 1001 2220 qui
1018 2149 1191 2221 cupiditates
1206 2147 1278 2207 uicit
1293 2149 1457 2208 libertatem
1473 2148 1529 2209 sibi

390 2251 465 2324 quod
486 2253 532 2309 est
552 2249 639 2322 etiam
666 2250 800 2323 ingenuis
822 2250 1024 2308 difficillimum
1046 2251 1181 2309 reddidit.
1210 2250 1376 2309 meditsnda
1395 2254 1440 2310 est
1462 2267 1529 2325 ergo

390 2353 481 2423 uobis,
498 2351 614 2420 fratres,
630 2353 664 2408 ut
678 2367 724 2409 ree
740 2351 852 2423 docent,
874 2367 985 2424 semper
999 2351 1154 2423 pudicitia:
1177 2368 1233 2425 quo
1249 2350 1361 2411 facilior
1376 2352 1424 2429 sit,
1438 2352 1529 2411 nullis

392 2451 503 2510 artibus
515 2453 638 2511 constat.
657 2467 730 2524 quae
742 2451 817 2509 euim
829 2451 909 2509 illam
922 2456 1098 2512 consummat
1111 2451 1245 2513 uoluntas
1259 2457 1313 2524 est,
1327 2469 1399 2525 quae
1410 2469 1462 2511 nec
1472 2452 1528 2511 nisi
1538 2467 1567 2510 ao

461 2780 595 2835 lruortis
613 2782 646 2843 Z,
664 2797 750 2834 mores
768 2781 810 2834 ΚΙ
898 2797 975 2835 senos
992 2783 1017 2835 Ζ
1108 2783 1202 2836 durum
1222 2783 1278 2836 ruit
1295 2784 1322 2837 Z
1406 2782 1527 2836 edidici

390 2863 487 2918 iudicis
504 2866 530 2918 Ζ
633 2866 737 2920 alterne
753 2867 779 2919 Ζ
893 2866 1011 2936 dregio]
1030 2866 1128 2936 religio
1144 2868 1171 2922 Z
1290 2868 1473 2938 altera1alter
1490 2869 1529 2933 K,

389 2950 459 3003 alter
476 2950 591 3004 alterum
610 2952 637 3004 Ζ
719 2950 861 3005 concordia
877 2968 913 3004 m.
932 2951 968 3019 d]
988 2951 1171 3006 concordando
1190 2955 1278 3006 totam
1297 2953 1323 3006 Z
1399 2953 1530 3007 emorti-

388 3034 448 3103 bns]
467 3033 568 3089 mortni
586 3033 612 3087 Ζ
715 3033 868 3089 redderetur
885 3035 942 3089 KZ
1042 3035 1167 3089 danime
1184 3037 1210 3089 Ζ
1312 3038 1447 3106 integrum
1465 3038 1492 3092 Ζ

388 3119 555 3173 inmaculata
572 3120 605 3173 K
620 3136 652 3174 cu
669 3137 690 3176 e.
709 3121 737 3185 1,
754 3121 884 3175 maculari
902 3121 928 3175 Z
1013 3121 1028 3173 7
1047 3122 1237 3176 conscientiam
1250 3123 1277 3176 Ζ
1362 3123 1528 3177 uoluntatem

388 3218 413 3257 u.
433 3203 559 3257 uoluntas
570 3204 627 3257 KZ
714 3205 829 3259 nullaZ
924 3205 991 3259 bea
1009 3220 1058 3259 one.
1073 3206 1099 3258 Z
1185 3207 1219 3261 de
1235 3222 1287 3260 om.
1300 3208 1334 3261 K
1427 3207 1529 3276 cupidi·

387 3290 445 3342 tate
464 3288 491 3342 Ζ
568 3288 700 3358 daltero]
719 3293 748 3342 et
764 3290 845 3342 aliter
863 3290 888 3342 Ζ
956 3291 991 3344 10
1013 3290 1060 3359 qui
1078 3305 1100 3343 c.
1112 3291 1140 3345 d.
1158 3290 1273 3360 hostem]
1293 3291 1451 3360 cupiditatis
1470 3294 1496 3346 Ζ

389 3374 424 3429 11
445 3375 583 3442 superauit
594 3389 645 3428 orn.
659 3375 687 3427 Ζ
786 3375 873 3443 omne]
886 3375 1012 3429 nonneZ
1119 3377 1152 3430 12
1170 3392 1251 3444 quarn
1264 3392 1314 3430 coa.
1328 3377 1355 3429 Z
1456 3379 1530 3447 quia]

387 3473 467 3526 quom
481 3458 508 3510 z
575 3456 716 3527 quidquid]
735 3457 807 3525 quoe
825 3458 852 3511 z
920 3445 1080 3513 orreo-ime
1098 3459 1136 3523 rr,
1154 3459 1294 3514 sensnum
1313 3461 1339 3513 z
1407 3462 1452 3515 me
1470 3463 1499 3513 rr

387 3541 526 3612 blondum]
544 3542 682 3611 placencia
700 3543 727 3596 Ζ
810 3543 845 3599 13
863 3544 992 3613 annuatur]
1012 3543 1081 3611 quod
1099 3547 1207 3597 amatur
1225 3544 1296 3612 quod
1314 3561 1367 3599 nou
1385 3547 1455 3599 esset
1472 3548 1497 3598 Ζ

386 3627 537 3696 eupiditate
556 3629 582 3680 Z
696 3631 730 3685 14
748 3629 832 3682 tollat
849 3631 889 3680 ΚΙ
999 3633 1100 3683 metum
1119 3631 1147 3683 Ζ
1255 3631 1287 3684 15
1305 3631 1455 3699 cupiditate
1472 3635 1497 3685 Ζ

386 3712 563 3781 cupiditatem
584 3713 612 3766 Ζ
748 3713 836 3767 uincit
853 3715 898 3768 Ko
1035 3714 1223 3784 triumphato
1369 3717 1456 3770 uincit
1472 3720 1531 3786 Ko;

295 3843 298 3852 ,
386 3797 451 3851 aod
469 3798 505 3851 Z:
529 3798 629 3853 mundo
653 3799 712 3867 ipso
730 3799 850 3868 superior
868 3797 924 3851 ruit
941 3800 988 3867 qui
1014 3814 1105 3852 uerum
1124 3814 1153 3852 se
1171 3798 1334 3869 discipulum
1352 3801 1449 3854 christi
1468 3816 1529 3870 pro·

386 3881 464 3935 benit
482 3883 529 3951 qui
547 3884 690 3951 antiquum
827 3883 863 3938 17
883 3882 1032 3950 cupiditate
1050 3884 1075 3935 Ζ
1210 3885 1245 3940 18
1264 3885 1344 3952 quod]
1365 3885 1495 3952 queritZ
1602 3935 1605 3942 .

385 3967 469 4021 etiam
488 3971 530 4021 est
549 3983 571 4031 o,
590 3969 716 4023 etist
808 3968 837 4020 iu
856 3968 980 4036 ingenuis
997 3969 1027 4020 Κ
1125 3969 1250 4025 reddito
1351 3974 1392 4023 est
1410 3985 1459 4023 om.
1479 3987 1497 4024 o

388 4051 422 4108 19
439 4068 456 4106 a
473 4053 551 4107 nobie
569 4055 600 4105 K
679 4061 709 4106 ut
727 4055 778 4123 res]
799 4053 914 4106 uirtutes
933 4055 958 4106 Ζ
1038 4054 1101 4123 quo]
1121 4071 1272 4124 qucquam
1290 4056 1316 4107 Ζ
1398 4056 1433 4109 20
1452 4055 1527 4109 iliam

387 4143 526 4191 consumat
543 4140 575 4202 Ζ,
593 4139 644 4191 illa
662 4141 846 4192 consummet-a
864 4139 911 4192 Ko
1021 4146 1063 4194 cst
1081 4156 1131 4194 om.
1149 4141 1184 4195 K
1284 4157 1332 4194 nec
1349 4140 1402 4194 uisi
1422 4142 1529 4209 ser-ipsi.

388 4239 434 4277 uec
451 4224 483 4286 Ζ,
502 4223 554 4276 nisi
576 4226 635 4290 Ko;
652 4224 701 4277 scd
719 4224 806 4277 acrba
822 4225 938 4294 mucius
955 4231 1086 4294 compta
1106 4225 1240 4280 audenter
