<?xml version="1.0" encoding="UTF-8"?>
<!DOCTYPE html PUBLIC "-//W3C//DTD XHTML 1.0 Transitional//EN"
    "http://www.w3.org/TR/xhtml1/DTD/xhtml1-transitional.dtd">
<html xmlns="http://www.w3.org/1999/xhtml" xml:lang="en" lang="en">
 <head>
  <title>
</title>
<meta http-equiv="Content-Type" content="text/html;charset=utf-8" />
  <meta name='ocr-system' content='tesseract 3.04.00' />
  <meta name='ocr-capabilities' content='ocr_page ocr_carea ocr_par ocr_line ocrx_word'/>
</head>
<body>
  <div class='ocr_page' id='page_1' title='image "./sthascicaecilic00cyprgoog_0205.png"; bbox 0 0 3720 4920; ppageno 0'>
   <div class='ocr_carea' id='block_1_1' title="bbox 379 301 1038 373">
    <p class='ocr_par' dir='ltr' id='par_1_1' title="bbox 379 301 1038 373">
     <span class='ocr_line' id='line_1_1' title="bbox 379 301 1038 373; baseline -0.006 -13"><span class='ocrx_word' id='word_1_1' title='bbox 379 311 420 371; x_wconf 73' lang='grc'><strong>74</strong></span> <span class='ocrx_word' id='word_1_2' title='bbox 851 301 1038 373; x_wconf 68' lang='lat' dir='ltr'><strong>appendix.</strong></span> 
     </span>
    </p>
   </div>
   <div class='ocr_carea' id='block_1_2' title="bbox 277 458 1535 1148">
    <p class='ocr_par' dir='ltr' id='par_1_2' title="bbox 378 458 1514 537">
     <span class='ocr_line' id='line_1_2' title="bbox 378 458 1514 537; baseline -0.003 -17"><span class='ocrx_word' id='word_1_3' title='bbox 378 461 497 535; x_wconf 78' lang='lat' dir='ltr'><strong>ferrent,</strong></span> <span class='ocrx_word' id='word_1_4' title='bbox 528 462 662 537; x_wconf 90' lang='lat' dir='ltr'><strong>qnoniam</strong></span> <span class='ocrx_word' id='word_1_5' title='bbox 691 462 738 522; x_wconf 94' lang='lat' dir='ltr'><strong>uel</strong></span> <span class='ocrx_word' id='word_1_6' title='bbox 767 461 818 523; x_wconf 91' lang='lat' dir='ltr'><strong>illo</strong></span> <span class='ocrx_word' id='word_1_7' title='bbox 849 460 1001 522; x_wconf 85' lang='lat' dir='ltr'><strong>interuallo</strong></span> <span class='ocrx_word' id='word_1_8' title='bbox 1032 461 1169 536; x_wconf 85' lang='lat' dir='ltr'><strong>temporis</strong></span> <span class='ocrx_word' id='word_1_9' title='bbox 1198 458 1304 534; x_wconf 88' lang='lat' dir='ltr'><strong>aliquis</strong></span> <span class='ocrx_word' id='word_1_10' title='bbox 1334 476 1432 519; x_wconf 88' lang='lat' dir='ltr'><strong>eorum</strong></span> <span class='ocrx_word' id='word_1_11' title='bbox 1457 474 1514 519; x_wconf 94' lang='lat' dir='ltr'><strong>non</strong></span> 
     </span>
    </p>

    <p class='ocr_par' dir='ltr' id='par_1_3' title="bbox 331 560 1515 742">
     <span class='ocr_line' id='line_1_3' title="bbox 331 560 1515 650; baseline -0.003 -28"><span class='ocrx_word' id='word_1_12' title='bbox 331 644 333 650; x_wconf 14' lang='lat' dir='ltr'>y</span> <span class='ocrx_word' id='word_1_13' title='bbox 382 564 505 638; x_wconf 85' lang='lat' dir='ltr'><strong>adeptus</strong></span> <span class='ocrx_word' id='word_1_14' title='bbox 520 565 655 637; x_wconf 92' lang='lat' dir='ltr'><strong>spiritum</strong></span> <span class='ocrx_word' id='word_1_15' title='bbox 669 568 799 624; x_wconf 85' lang='lat' dir='ltr'><strong>sanctum</strong></span> <span class='ocrx_word' id='word_1_16' title='bbox 816 567 907 623; x_wconf 88' lang='lat' dir='ltr'><strong>morte</strong></span> <span class='ocrx_word' id='word_1_17' title='bbox 921 563 1016 637; x_wconf 91' lang='lat' dir='ltr'><strong>potuit</strong></span> <span class='ocrx_word' id='word_1_18' title='bbox 1030 562 1163 637; x_wconf 73' lang='lat' dir='ltr'><strong>intercipi</strong></span> <span class='ocrx_word' id='word_1_19' title='bbox 1178 563 1208 620; x_wconf 91' lang='grc' dir='ltr'><strong>ιι</strong></span> <span class='ocrx_word' id='word_1_20' title='bbox 1223 561 1408 621; x_wconf 76' lang='lat' dir='ltr'><strong>defraudatus</strong></span> <span class='ocrx_word' id='word_1_21' title='bbox 1419 560 1515 634; x_wconf 69' lang='lat' dir='ltr'><strong>grata</strong></span> 
     </span>
     <span class='ocr_line' id='line_1_4' title="bbox 383 660 1513 742; baseline -0.002 -20"><span class='ocrx_word' id='word_1_22' title='bbox 383 665 503 740; x_wconf 88' lang='lat' dir='ltr'><strong>spiritns</strong></span> <span class='ocrx_word' id='word_1_23' title='bbox 517 667 611 726; x_wconf 89' lang='lat' dir='ltr'><strong>sancti</strong></span> <span class='ocrx_word' id='word_1_24' title='bbox 626 667 752 742; x_wconf 79' lang='lat' dir='ltr'>defungi.</span> <span class='ocrx_word' id='word_1_25' title='bbox 775 667 850 740; x_wconf 88' lang='lat' dir='ltr'><strong>qnod</strong></span> <span class='ocrx_word' id='word_1_26' title='bbox 865 665 1002 725; x_wconf 89' lang='lat' dir='ltr'><strong>hodierna</strong></span> <span class='ocrx_word' id='word_1_27' title='bbox 1017 681 1129 739; x_wconf 88' lang='lat' dir='ltr'><strong>quoque</strong></span> <span class='ocrx_word' id='word_1_28' title='bbox 1145 664 1191 722; x_wconf 92' lang='lat' dir='ltr'><strong>dio</strong></span> <span class='ocrx_word' id='word_1_29' title='bbox 1206 681 1263 723; x_wconf 92' lang='lat' dir='ltr'><strong>non</strong></span> <span class='ocrx_word' id='word_1_30' title='bbox 1277 664 1373 737; x_wconf 91' lang='lat' dir='ltr'><strong>potest</strong></span> <span class='ocrx_word' id='word_1_31' title='bbox 1386 660 1513 722; x_wconf 84' lang='lat' dir='ltr'><strong>dubitari</strong></span> 
     </span>
    </p>

    <p class='ocr_par' dir='ltr' id='par_1_4' title="bbox 277 755 1535 1148">
     <span class='ocr_line' id='line_1_5' title="bbox 277 755 1513 840; baseline -0.005 -11"><span class='ocrx_word' id='word_1_32' title='bbox 277 755 280 761; x_wconf 63' lang='grc'><strong>’</strong></span> <span class='ocrx_word' id='word_1_33' title='bbox 381 786 444 829; x_wconf 87' lang='lat' dir='ltr'><strong>esse</strong></span> <span class='ocrx_word' id='word_1_34' title='bbox 460 769 598 828; x_wconf 89' lang='lat' dir='ltr'><strong>usitatum</strong></span> <span class='ocrx_word' id='word_1_35' title='bbox 614 771 644 828; x_wconf 90' lang='lat' dir='ltr'><strong>et</strong></span> <span class='ocrx_word' id='word_1_36' title='bbox 658 768 772 828; x_wconf 88' lang='lat' dir='ltr'><strong>euenire</strong></span> <span class='ocrx_word' id='word_1_37' title='bbox 787 768 903 828; x_wconf 89' lang='lat' dir='ltr'><strong>solitum</strong></span> <span class='ocrx_word' id='word_1_38' title='bbox 917 770 951 826; x_wconf 91' lang='lat' dir='ltr'><strong>ut</strong></span> <span class='ocrx_word' id='word_1_39' title='bbox 964 766 1094 840; x_wconf 87' lang='lat' dir='ltr'><strong>plerique</strong></span> <span class='ocrx_word' id='word_1_40' title='bbox 1109 769 1175 839; x_wconf 92' lang='lat' dir='ltr'><strong>post</strong></span> <span class='ocrx_word' id='word_1_41' title='bbox 1188 764 1333 839; x_wconf 86' lang='lat' dir='ltr'><strong>baptisma</strong></span> <span class='ocrx_word' id='word_1_42' title='bbox 1344 765 1406 824; x_wconf 90' lang='lat' dir='ltr'><strong>sinc</strong></span> <span class='ocrx_word' id='word_1_43' title='bbox 1421 765 1513 837; x_wconf 85' lang='lat' dir='ltr'><strong>impo-</strong></span> 
     </span>
     <span class='ocr_line' id='line_1_6' title="bbox 381 865 1535 945; baseline -0.005 -14"><span class='ocrx_word' id='word_1_44' title='bbox 381 871 486 932; x_wconf 75' lang='lat' dir='ltr'>sitione</span> <span class='ocrx_word' id='word_1_45' title='bbox 512 889 615 930; x_wconf 90' lang='lat' dir='ltr'><strong>manus</strong></span> <span class='ocrx_word' id='word_1_46' title='bbox 640 871 765 945; x_wconf 80' lang='lat' dir='ltr'><strong>episcopi</strong></span> <span class='ocrx_word' id='word_1_47' title='bbox 791 872 826 930; x_wconf 93' lang='lat' dir='ltr'><strong>de</strong></span> <span class='ocrx_word' id='word_1_48' title='bbox 853 869 966 930; x_wconf 86' lang='lat' dir='ltr'><strong>saeculo</strong></span> <span class='ocrx_word' id='word_1_49' title='bbox 989 871 1101 941; x_wconf 83' lang='lat' dir='ltr'><strong>exeant,</strong></span> <span class='ocrx_word' id='word_1_50' title='bbox 1129 872 1159 928; x_wconf 91' lang='lat' dir='ltr'><strong>et</strong></span> <span class='ocrx_word' id='word_1_51' title='bbox 1184 870 1280 927; x_wconf 92' lang='lat' dir='ltr'><strong>tamen</strong></span> <span class='ocrx_word' id='word_1_52' title='bbox 1302 883 1355 940; x_wconf 90' lang='lat' dir='ltr'><strong>pro</strong></span> <span class='ocrx_word' id='word_1_53' title='bbox 1376 865 1535 941; x_wconf 81' lang='lat' dir='ltr'><strong>perfectius</strong></span> 
     </span>
     <span class='ocr_line' id='line_1_7' title="bbox 379 968 1513 1045; baseline -0.004 -15"><span class='ocrx_word' id='word_1_54' title='bbox 379 972 512 1033; x_wconf 86' lang='lat' dir='ltr'><strong>fidelibus</strong></span> <span class='ocrx_word' id='word_1_55' title='bbox 528 973 679 1031; x_wconf 86' lang='lat' dir='ltr'><strong>habentur.</strong></span> <span class='ocrx_word' id='word_1_56' title='bbox 705 972 791 1032; x_wconf 90' lang='lat' dir='ltr'><strong>sicuti</strong></span> <span class='ocrx_word' id='word_1_57' title='bbox 810 972 950 1045; x_wconf 83' lang='lat' dir='ltr'><strong>Aethiops</strong></span> <span class='ocrx_word' id='word_1_58' title='bbox 966 972 1113 1031; x_wconf 85' lang='lat' dir='ltr'><strong>eunuchus</strong></span> <span class='ocrx_word' id='word_1_59' title='bbox 1134 988 1197 1030; x_wconf 84' lang='lat' dir='ltr'><strong>cunr</strong></span> <span class='ocrx_word' id='word_1_60' title='bbox 1218 969 1325 1028; x_wconf 78' lang='lat' dir='ltr'><strong>rediret</strong></span> <span class='ocrx_word' id='word_1_61' title='bbox 1348 970 1386 1026; x_wconf 88' lang='lat' dir='ltr'><strong>ab</strong></span> <span class='ocrx_word' id='word_1_62' title='bbox 1406 968 1513 1027; x_wconf 85' lang='lat' dir='ltr'><strong>Hieru-</strong></span> 
     </span>
     <span class='ocr_line' id='line_1_8' title="bbox 380 1069 1514 1148; baseline -0.004 -13"><span class='ocrx_word' id='word_1_63' title='bbox 380 1074 468 1135; x_wconf 81' lang='lat' dir='ltr'><strong>salem</strong></span> <span class='ocrx_word' id='word_1_64' title='bbox 484 1077 514 1133; x_wconf 91' lang='lat' dir='ltr'><strong>et</strong></span> <span class='ocrx_word' id='word_1_65' title='bbox 534 1073 644 1148; x_wconf 80' lang='lat' dir='ltr'><strong>legeret</strong></span> <span class='ocrx_word' id='word_1_66' title='bbox 664 1075 831 1148; x_wconf 89' lang='lat' dir='ltr'><strong>prophetam</strong></span> <span class='ocrx_word' id='word_1_67' title='bbox 846 1072 961 1133; x_wconf 80' lang='lat' dir='ltr'><strong>Esaiam</strong></span> <span class='ocrx_word' id='word_1_68' title='bbox 976 1075 1007 1132; x_wconf 93' lang='lat' dir='ltr'><strong>et</strong></span> <span class='ocrx_word' id='word_1_69' title='bbox 1028 1073 1186 1132; x_wconf 76' lang='lat' dir='ltr'><strong>haesitaret</strong></span> <span class='ocrx_word' id='word_1_70' title='bbox 1210 1073 1383 1146; x_wconf 77' lang='lat' dir='ltr'><strong>suggerente</strong></span> <span class='ocrx_word' id='word_1_71' title='bbox 1408 1069 1514 1145; x_wconf 88' lang='lat' dir='ltr'><strong>spiritu</strong></span> 
     </span>
    </p>
   </div>
   <div class='ocr_carea' id='block_1_3' title="bbox 272 1173 1549 3587">
    <p class='ocr_par' dir='ltr' id='par_1_5' title="bbox 375 1173 1549 2974">
     <span class='ocr_line' id='line_1_9' title="bbox 381 1173 1512 1249; baseline -0.005 -12"><span class='ocrx_word' id='word_1_72' title='bbox 381 1178 480 1237; x_wconf 85' lang='lat' dir='ltr'><strong>andita</strong></span> <span class='ocrx_word' id='word_1_73' title='bbox 503 1177 627 1236; x_wconf 82' lang='grc' dir='ltr'>ιιιιιιιιι</span> <span class='ocrx_word' id='word_1_74' title='bbox 641 1194 659 1234; x_wconf 90' lang='lat' dir='ltr'><strong>a</strong></span> <span class='ocrx_word' id='word_1_75' title='bbox 673 1176 808 1249; x_wconf 89' lang='lat' dir='ltr'><strong>Philippo</strong></span> <span class='ocrx_word' id='word_1_76' title='bbox 828 1175 946 1235; x_wconf 76' lang='lat' dir='ltr'><strong>dmcono</strong></span> <span class='ocrx_word' id='word_1_77' title='bbox 969 1175 1091 1235; x_wconf 90' lang='lat' dir='ltr'><strong>credidit</strong></span> <span class='ocrx_word' id='word_1_78' title='bbox 1105 1177 1135 1234; x_wconf 88' lang='lat' dir='ltr'><strong>et</strong></span> <span class='ocrx_word' id='word_1_79' title='bbox 1150 1173 1313 1247; x_wconf 81' lang='lat' dir='ltr'><strong>baptisatus</strong></span> <span class='ocrx_word' id='word_1_80' title='bbox 1327 1177 1382 1245; x_wconf 87' lang='lat' dir='ltr'><strong>eet,</strong></span> <span class='ocrx_word' id='word_1_81' title='bbox 1404 1175 1512 1231; x_wconf 89' lang='lat' dir='ltr'><strong>etcum</strong></span> 
     </span>
     <span class='ocr_line' id='line_1_10' title="bbox 380 1273 1513 1353; baseline -0.005 -14"><span class='ocrx_word' id='word_1_82' title='bbox 380 1280 557 1339; x_wconf 88' lang='lat' dir='ltr'><strong>ascendisset</strong></span> <span class='ocrx_word' id='word_1_83' title='bbox 572 1280 607 1337; x_wconf 92' lang='lat' dir='ltr'><strong>do</strong></span> <span class='ocrx_word' id='word_1_84' title='bbox 628 1295 712 1352; x_wconf 88' lang='lat' dir='ltr'><strong>aqna,</strong></span> <span class='ocrx_word' id='word_1_85' title='bbox 733 1277 854 1353; x_wconf 88' lang='lat' dir='ltr'><strong>spiritns</strong></span> <span class='ocrx_word' id='word_1_86' title='bbox 867 1277 980 1336; x_wconf 89' lang='lat' dir='ltr'><strong>Domini</strong></span> <span class='ocrx_word' id='word_1_87' title='bbox 1000 1276 1098 1350; x_wconf 84' lang='lat' dir='ltr'><strong>rapuit</strong></span> <span class='ocrx_word' id='word_1_88' title='bbox 1118 1275 1296 1350; x_wconf 82' lang='lat' dir='ltr'><strong>Philippum,</strong></span> <span class='ocrx_word' id='word_1_89' title='bbox 1316 1278 1347 1334; x_wconf 90' lang='lat' dir='ltr'><strong>ct</strong></span> <span class='ocrx_word' id='word_1_90' title='bbox 1361 1291 1418 1334; x_wconf 92' lang='lat' dir='ltr'><strong>uon</strong></span> <span class='ocrx_word' id='word_1_91' title='bbox 1438 1273 1513 1333; x_wconf 91' lang='lat' dir='ltr'><strong>uidit</strong></span> 
     </span>
     <span class='ocr_line' id='line_1_11' title="bbox 380 1377 1549 1455; baseline -0.003 -15"><span class='ocrx_word' id='word_1_92' title='bbox 380 1382 522 1440; x_wconf 83' lang='lat' dir='ltr'><strong>onmium</strong></span> <span class='ocrx_word' id='word_1_93' title='bbox 543 1398 620 1440; x_wconf 92' lang='lat' dir='ltr'><strong>nnnc</strong></span> <span class='ocrx_word' id='word_1_94' title='bbox 641 1379 765 1455; x_wconf 87' lang='lat' dir='ltr'><strong>amplius</strong></span> <span class='ocrx_word' id='word_1_95' title='bbox 786 1381 946 1439; x_wconf 90' lang='lat' dir='ltr'><strong>eunuchus:</strong></span> <span class='ocrx_word' id='word_1_96' title='bbox 974 1378 1073 1438; x_wconf 88' lang='lat' dir='ltr'><strong>abibat</strong></span> <span class='ocrx_word' id='word_1_97' title='bbox 1088 1377 1164 1438; x_wconf 89' lang='lat' dir='ltr'><strong>enim</strong></span> <span class='ocrx_word' id='word_1_98' title='bbox 1178 1377 1257 1436; x_wconf 88' lang='lat' dir='ltr'><strong>uiam</strong></span> <span class='ocrx_word' id='word_1_99' title='bbox 1271 1394 1353 1436; x_wconf 87' lang='lat' dir='ltr'><strong>suam</strong></span> <span class='ocrx_word' id='word_1_100' title='bbox 1373 1377 1549 1451; x_wconf 78' lang='lat' dir='ltr'><strong>gendensis</strong></span> 
     </span>
     <span class='ocr_line' id='line_1_12' title="bbox 379 1479 1512 1556; baseline -0.002 -16"><span class='ocrx_word' id='word_1_101' title='bbox 379 1499 562 1556; x_wconf 87' lang='lat' dir='ltr'><strong>quamquam,</strong></span> <span class='ocrx_word' id='word_1_102' title='bbox 584 1488 618 1541; x_wconf 94' lang='lat' dir='ltr'><strong>nt</strong></span> <span class='ocrx_word' id='word_1_103' title='bbox 638 1482 854 1553; x_wconf 88' lang='lat' dir='ltr'><strong>animaduertis,</strong></span> <span class='ocrx_word' id='word_1_104' title='bbox 876 1480 1010 1552; x_wconf 91' lang='lat' dir='ltr'><strong>imposita</strong></span> <span class='ocrx_word' id='word_1_105' title='bbox 1030 1480 1056 1539; x_wconf 90' lang='lat' dir='ltr'><strong>ei</strong></span> <span class='ocrx_word' id='word_1_106' title='bbox 1071 1496 1173 1538; x_wconf 90' lang='lat' dir='ltr'><strong>manus</strong></span> <span class='ocrx_word' id='word_1_107' title='bbox 1188 1496 1244 1538; x_wconf 92' lang='lat' dir='ltr'><strong>non</strong></span> <span class='ocrx_word' id='word_1_108' title='bbox 1260 1481 1305 1537; x_wconf 87' lang='lat' dir='ltr'><strong>eet</strong></span> <span class='ocrx_word' id='word_1_109' title='bbox 1319 1480 1355 1537; x_wconf 85' lang='lat' dir='ltr'><strong>ab</strong></span> <span class='ocrx_word' id='word_1_110' title='bbox 1371 1479 1512 1552; x_wconf 87' lang='lat' dir='ltr'><strong>episcopo,</strong></span> 
     </span>
     <span class='ocr_line' id='line_1_13' title="bbox 378 1580 1512 1657; baseline -0.003 -15"><span class='ocrx_word' id='word_1_111' title='bbox 378 1586 412 1643; x_wconf 91' lang='lat' dir='ltr'><strong>nt</strong></span> <span class='ocrx_word' id='word_1_112' title='bbox 426 1584 561 1657; x_wconf 89' lang='lat' dir='ltr'><strong>spiritum</strong></span> <span class='ocrx_word' id='word_1_113' title='bbox 583 1585 714 1642; x_wconf 87' lang='lat' dir='ltr'><strong>sanctum</strong></span> <span class='ocrx_word' id='word_1_114' title='bbox 734 1582 883 1655; x_wconf 88' lang='lat' dir='ltr'><strong>acciperet.</strong></span> <span class='ocrx_word' id='word_1_115' title='bbox 911 1582 987 1654; x_wconf 88' lang='lat' dir='ltr'><strong>qnod</strong></span> <span class='ocrx_word' id='word_1_116' title='bbox 1002 1581 1028 1640; x_wconf 89' lang='lat' dir='ltr'><strong>si</strong></span> <span class='ocrx_word' id='word_1_117' title='bbox 1042 1580 1096 1639; x_wconf 90' lang='lat' dir='ltr'><strong>hoc</strong></span> <span class='ocrx_word' id='word_1_118' title='bbox 1111 1580 1241 1639; x_wconf 79' lang='lat' dir='ltr'><strong>admittis</strong></span> <span class='ocrx_word' id='word_1_119' title='bbox 1263 1583 1293 1640; x_wconf 91' lang='lat' dir='ltr'><strong>et</strong></span> <span class='ocrx_word' id='word_1_120' title='bbox 1307 1580 1434 1639; x_wconf 91' lang='lat' dir='ltr'><strong>salutare</strong></span> <span class='ocrx_word' id='word_1_121' title='bbox 1449 1594 1512 1639; x_wconf 85' lang='lat' dir='ltr'><strong>esse</strong></span> 
     </span>
     <span class='ocr_line' id='line_1_14' title="bbox 383 1680 1512 1760; baseline -0.004 -15"><span class='ocrx_word' id='word_1_122' title='bbox 383 1685 475 1745; x_wconf 90' lang='lat' dir='ltr'><strong>credis</strong></span> <span class='ocrx_word' id='word_1_123' title='bbox 490 1703 542 1744; x_wconf 91' lang='lat' dir='ltr'><strong>nec</strong></span> <span class='ocrx_word' id='word_1_124' title='bbox 558 1684 686 1760; x_wconf 92' lang='lat' dir='ltr'><strong>opinioni</strong></span> <span class='ocrx_word' id='word_1_125' title='bbox 698 1684 824 1750; x_wconf 88' lang='lat' dir='ltr'><strong>omnium</strong></span> <span class='ocrx_word' id='word_1_126' title='bbox 835 1683 963 1743; x_wconf 84' lang='lat' dir='ltr'><strong>fidolium</strong></span> <span class='ocrx_word' id='word_1_127' title='bbox 976 1681 1141 1757; x_wconf 81' lang='lat' dir='ltr'><strong>refragaris,</strong></span> <span class='ocrx_word' id='word_1_128' title='bbox 1157 1698 1274 1741; x_wconf 87' lang='lat' dir='ltr'><strong>necesse</strong></span> <span class='ocrx_word' id='word_1_129' title='bbox 1285 1683 1330 1741; x_wconf 89' lang='grc' dir='ltr'><strong>ιιι</strong></span> <span class='ocrx_word' id='word_1_130' title='bbox 1341 1680 1512 1754; x_wconf 79' lang='grc' dir='ltr'>ιοιιιὶιιιιίι,</span> 
     </span>
     <span class='ocr_line' id='line_1_15' title="bbox 377 1781 1512 1861; baseline -0.004 -15"><span class='ocrx_word' id='word_1_131' title='bbox 377 1788 498 1861; x_wconf 89' lang='lat' dir='ltr'><strong>proinde</strong></span> <span class='ocrx_word' id='word_1_132' title='bbox 520 1790 615 1846; x_wconf 86' lang='lat' dir='ltr'><strong>autem</strong></span> <span class='ocrx_word' id='word_1_133' title='bbox 636 1788 723 1861; x_wconf 87' lang='lat' dir='ltr'><strong>atque</strong></span> <span class='ocrx_word' id='word_1_134' title='bbox 744 1788 798 1845; x_wconf 90' lang='lat' dir='ltr'><strong>hoc</strong></span> <span class='ocrx_word' id='word_1_135' title='bbox 818 1784 906 1844; x_wconf 90' lang='lat' dir='ltr'><strong>latius</strong></span> <span class='ocrx_word' id='word_1_136' title='bbox 931 1787 1056 1845; x_wconf 89' lang='lat' dir='ltr'><strong>tractatu</strong></span> <span class='ocrx_word' id='word_1_137' title='bbox 1079 1783 1217 1857; x_wconf 89' lang='lat' dir='ltr'><strong>procedit,</strong></span> <span class='ocrx_word' id='word_1_138' title='bbox 1241 1783 1329 1842; x_wconf 88' lang='lat' dir='ltr'><strong>otiam</strong></span> <span class='ocrx_word' id='word_1_139' title='bbox 1344 1782 1417 1841; x_wconf 89' lang='lat' dir='ltr'><strong>illud</strong></span> <span class='ocrx_word' id='word_1_140' title='bbox 1432 1781 1512 1842; x_wconf 87' lang='lat' dir='ltr'><strong>aliud</strong></span> 
     </span>
     <span class='ocr_line' id='line_1_16' title="bbox 380 1884 1547 1961; baseline -0.004 -14"><span class='ocrx_word' id='word_1_141' title='bbox 380 1889 469 1948; x_wconf 89' lang='lat' dir='ltr'><strong>latius</strong></span> <span class='ocrx_word' id='word_1_142' title='bbox 495 1906 579 1961; x_wconf 87' lang='lat' dir='ltr'><strong>posse</strong></span> <span class='ocrx_word' id='word_1_143' title='bbox 606 1889 771 1959; x_wconf 75' lang='lat' dir='ltr'><strong>consistere,</strong></span> <span class='ocrx_word' id='word_1_144' title='bbox 803 1887 901 1946; x_wconf 89' lang='lat' dir='ltr'><strong>idest</strong></span> <span class='ocrx_word' id='word_1_145' title='bbox 926 1890 959 1945; x_wconf 93' lang='lat' dir='ltr'><strong>nt</strong></span> <span class='ocrx_word' id='word_1_146' title='bbox 979 1902 1031 1960; x_wconf 90' lang='lat' dir='ltr'><strong>per</strong></span> <span class='ocrx_word' id='word_1_147' title='bbox 1056 1887 1148 1945; x_wconf 89' lang='lat' dir='ltr'><strong>solam</strong></span> <span class='ocrx_word' id='word_1_148' title='bbox 1173 1903 1275 1944; x_wconf 89' lang='lat' dir='ltr'><strong>manne</strong></span> <span class='ocrx_word' id='word_1_149' title='bbox 1300 1884 1547 1958; x_wconf 83' lang='lat' dir='ltr'><strong>impositionemrs</strong></span> 
     </span>
     <span class='ocr_line' id='line_1_17' title="bbox 379 1985 1512 2065; baseline -0.004 -16"><span class='ocrx_word' id='word_1_150' title='bbox 379 1990 516 2065; x_wconf 89' lang='lat' dir='ltr'><strong>episcopi,</strong></span> <span class='ocrx_word' id='word_1_151' title='bbox 541 1991 609 2063; x_wconf 86' lang='lat' dir='ltr'><strong>quia</strong></span> <span class='ocrx_word' id='word_1_152' title='bbox 629 1989 775 2063; x_wconf 87' lang='lat' dir='ltr'><strong>baptisma</strong></span> <span class='ocrx_word' id='word_1_153' title='bbox 794 1989 824 2045; x_wconf 91' lang='lat' dir='ltr'><strong>iu</strong></span> <span class='ocrx_word' id='word_1_154' title='bbox 845 1988 956 2046; x_wconf 89' lang='lat' dir='ltr'><strong>nomine</strong></span> <span class='ocrx_word' id='word_1_155' title='bbox 977 1988 1044 2046; x_wconf 90' lang='lat' dir='ltr'><strong>Iesu</strong></span> <span class='ocrx_word' id='word_1_156' title='bbox 1065 1985 1174 2046; x_wconf 81' lang='lat' dir='ltr'><strong>Christi</strong></span> <span class='ocrx_word' id='word_1_157' title='bbox 1195 1985 1309 2044; x_wconf 87' lang='lat' dir='ltr'><strong>Domini</strong></span> <span class='ocrx_word' id='word_1_158' title='bbox 1324 1985 1415 2043; x_wconf 85' lang='lat' dir='ltr'><strong>nostri</strong></span> <span class='ocrx_word' id='word_1_159' title='bbox 1430 2001 1512 2057; x_wconf 90' lang='lat' dir='ltr'><strong>prae·</strong></span> 
     </span>
     <span class='ocr_line' id='line_1_18' title="bbox 378 2086 1513 2164; baseline -0.005 -13"><span class='ocrx_word' id='word_1_160' title='bbox 378 2092 475 2163; x_wconf 89' lang='lat' dir='ltr'><strong>cessit,</strong></span> <span class='ocrx_word' id='word_1_161' title='bbox 503 2092 595 2164; x_wconf 90' lang='lat' dir='ltr'><strong>possit</strong></span> <span class='ocrx_word' id='word_1_162' title='bbox 620 2091 677 2150; x_wconf 86' lang='lat' dir='ltr'><strong>alio</strong></span> <span class='ocrx_word' id='word_1_163' title='bbox 704 2090 813 2150; x_wconf 90' lang='lat' dir='ltr'><strong>homini</strong></span> <span class='ocrx_word' id='word_1_164' title='bbox 837 2089 994 2164; x_wconf 88' lang='lat' dir='ltr'><strong>paenitenti</strong></span> <span class='ocrx_word' id='word_1_165' title='bbox 1019 2092 1105 2161; x_wconf 86' lang='lat' dir='ltr'><strong>atque</strong></span> <span class='ocrx_word' id='word_1_166' title='bbox 1130 2088 1257 2148; x_wconf 89' lang='lat' dir='ltr'><strong>credenti</strong></span> <span class='ocrx_word' id='word_1_167' title='bbox 1282 2087 1369 2146; x_wconf 87' lang='lat' dir='ltr'><strong>etiam</strong></span> <span class='ocrx_word' id='word_1_168' title='bbox 1394 2086 1513 2160; x_wconf 90' lang='lat' dir='ltr'><strong>spiritus</strong></span> 
     </span>
     <span class='ocr_line' id='line_1_19' title="bbox 379 2187 1513 2264; baseline -0.006 -14"><span class='ocrx_word' id='word_1_169' title='bbox 379 2197 496 2251; x_wconf 88' lang='lat' dir='ltr'><strong>sanctus</strong></span> <span class='ocrx_word' id='word_1_170' title='bbox 512 2192 612 2263; x_wconf 90' lang='lat' dir='ltr'><strong>tribui,</strong></span> <span class='ocrx_word' id='word_1_171' title='bbox 629 2193 763 2264; x_wconf 85' lang='lat' dir='ltr'><strong>quoniam</strong></span> <span class='ocrx_word' id='word_1_172' title='bbox 778 2208 826 2250; x_wconf 88' lang='lat' dir='ltr'><strong>eos</strong></span> <span class='ocrx_word' id='word_1_173' title='bbox 841 2192 891 2264; x_wconf 87' lang='lat' dir='ltr'><strong>qui</strong></span> <span class='ocrx_word' id='word_1_174' title='bbox 906 2191 936 2248; x_wconf 93' lang='lat' dir='ltr'><strong>in</strong></span> <span class='ocrx_word' id='word_1_175' title='bbox 952 2189 1097 2248; x_wconf 72' lang='lat' dir='ltr'><strong>(inustum</strong></span> <span class='ocrx_word' id='word_1_176' title='bbox 1112 2188 1250 2247; x_wconf 88' lang='lat' dir='ltr'><strong>credituri</strong></span> <span class='ocrx_word' id='word_1_177' title='bbox 1262 2190 1358 2246; x_wconf 86' lang='lat' dir='ltr'><strong>essent</strong></span> <span class='ocrx_word' id='word_1_178' title='bbox 1369 2187 1513 2261; x_wconf 88' lang='lat' dir='ltr'><strong>scriptura</strong></span> 
     </span>
     <span class='ocr_line' id='line_1_20' title="bbox 383 2289 1512 2367; baseline -0.005 -15"><span class='ocrx_word' id='word_1_179' title='bbox 383 2297 484 2352; x_wconf 88' lang='lat' dir='ltr'><strong>sancta</strong></span> <span class='ocrx_word' id='word_1_180' title='bbox 497 2292 643 2366; x_wconf 77' lang='lat' dir='ltr'><strong>praedixit</strong></span> <span class='ocrx_word' id='word_1_181' title='bbox 657 2298 787 2367; x_wconf 90' lang='lat' dir='ltr'><strong>oportere</strong></span> <span class='ocrx_word' id='word_1_182' title='bbox 802 2293 833 2351; x_wconf 92' lang='lat' dir='ltr'><strong>iu</strong></span> <span class='ocrx_word' id='word_1_183' title='bbox 848 2292 951 2367; x_wconf 87' lang='lat' dir='ltr'><strong>spiritu</strong></span> <span class='ocrx_word' id='word_1_184' title='bbox 966 2290 1117 2364; x_wconf 80' lang='lat' dir='ltr'><strong>baptizari,</strong></span> <span class='ocrx_word' id='word_1_185' title='bbox 1133 2290 1176 2349; x_wconf 90' lang='lat' dir='ltr'><strong>ita</strong></span> <span class='ocrx_word' id='word_1_186' title='bbox 1192 2291 1224 2349; x_wconf 93' lang='lat' dir='ltr'><strong>ut</strong></span> <span class='ocrx_word' id='word_1_187' title='bbox 1239 2293 1268 2350; x_wconf 91' lang='grc' dir='ltr'><strong>ιι</strong></span> <span class='ocrx_word' id='word_1_188' title='bbox 1283 2289 1315 2348; x_wconf 82' lang='grc' dir='ltr'><strong>1ιί</strong></span> <span class='ocrx_word' id='word_1_189' title='bbox 1330 2305 1441 2362; x_wconf 88' lang='lat' dir='ltr'><strong>quoquo</strong></span> <span class='ocrx_word' id='word_1_190' title='bbox 1455 2304 1512 2347; x_wconf 90' lang='lat' dir='ltr'><strong>non</strong></span> 
     </span>
     <span class='ocr_line' id='line_1_21' title="bbox 379 2390 1547 2468; baseline -0.003 -17"><span class='ocrx_word' id='word_1_191' title='bbox 379 2394 532 2454; x_wconf 85' lang='lat' dir='ltr'><strong>uideantur</strong></span> <span class='ocrx_word' id='word_1_192' title='bbox 547 2394 642 2453; x_wconf 87' lang='lat' dir='ltr'><strong>minue</strong></span> <span class='ocrx_word' id='word_1_193' title='bbox 658 2395 769 2468; x_wconf 86' lang='lat' dir='ltr'><strong>aliquid</strong></span> <span class='ocrx_word' id='word_1_194' title='bbox 784 2396 888 2453; x_wconf 88' lang='lat' dir='ltr'><strong>habere</strong></span> <span class='ocrx_word' id='word_1_195' title='bbox 905 2412 988 2467; x_wconf 84' lang='lat' dir='ltr'><strong>quum</strong></span> <span class='ocrx_word' id='word_1_196' title='bbox 1004 2393 1048 2452; x_wconf 92' lang='lat' dir='ltr'><strong>illi</strong></span> <span class='ocrx_word' id='word_1_197' title='bbox 1065 2393 1114 2466; x_wconf 89' lang='lat' dir='ltr'><strong>qui</strong></span> <span class='ocrx_word' id='word_1_198' title='bbox 1129 2392 1250 2466; x_wconf 83' lang='lat' dir='ltr'><strong>perfecti</strong></span> <span class='ocrx_word' id='word_1_199' title='bbox 1265 2394 1334 2450; x_wconf 88' lang='lat' dir='ltr'><strong>snut</strong></span> <span class='ocrx_word' id='word_1_200' title='bbox 1348 2390 1547 2462; x_wconf 65' lang='lat' dir='ltr'><strong>christianiae</strong></span> 
     </span>
     <span class='ocr_line' id='line_1_22' title="bbox 378 2492 1511 2568; baseline -0.003 -15"><span class='ocrx_word' id='word_1_201' title='bbox 378 2512 431 2555; x_wconf 92' lang='lat' dir='ltr'><strong>nec</strong></span> <span class='ocrx_word' id='word_1_202' title='bbox 454 2511 573 2554; x_wconf 85' lang='lat' dir='ltr'><strong>necesse</strong></span> <span class='ocrx_word' id='word_1_203' title='bbox 594 2496 634 2554; x_wconf 87' lang='lat' dir='ltr'><strong>sit</strong></span> <span class='ocrx_word' id='word_1_204' title='bbox 656 2496 754 2568; x_wconf 86' lang='lat' dir='ltr'><strong>quaeri</strong></span> <span class='ocrx_word' id='word_1_205' title='bbox 776 2496 860 2568; x_wconf 88' lang='lat' dir='ltr'><strong>quale</strong></span> <span class='ocrx_word' id='word_1_206' title='bbox 883 2495 955 2553; x_wconf 90' lang='lat' dir='ltr'><strong>illud</strong></span> <span class='ocrx_word' id='word_1_207' title='bbox 975 2495 1116 2567; x_wconf 84' lang='lat' dir='ltr'><strong>baptisma</strong></span> <span class='ocrx_word' id='word_1_208' title='bbox 1139 2492 1228 2552; x_wconf 85' lang='lat' dir='ltr'><strong>fuerit</strong></span> <span class='ocrx_word' id='word_1_209' title='bbox 1247 2492 1323 2565; x_wconf 88' lang='lat' dir='ltr'><strong>qnod</strong></span> <span class='ocrx_word' id='word_1_210' title='bbox 1345 2492 1375 2549; x_wconf 92' lang='lat' dir='ltr'><strong>in</strong></span> <span class='ocrx_word' id='word_1_211' title='bbox 1399 2492 1511 2550; x_wconf 91' lang='lat' dir='ltr'><strong>nomine</strong></span> 
     </span>
     <span class='ocr_line' id='line_1_23' title="bbox 378 2594 1511 2667; baseline -0.003 -12"><span class='ocrx_word' id='word_1_212' title='bbox 378 2597 446 2656; x_wconf 87' lang='lat' dir='ltr'><strong>Iesu</strong></span> <span class='ocrx_word' id='word_1_213' title='bbox 462 2597 569 2656; x_wconf 75' lang='lat' dir='ltr'><strong>christi</strong></span> <span class='ocrx_word' id='word_1_214' title='bbox 591 2599 659 2655; x_wconf 90' lang='lat' dir='ltr'><strong>suut</strong></span> <span class='ocrx_word' id='word_1_215' title='bbox 684 2596 838 2657; x_wconf 89' lang='lat' dir='ltr'><strong>consecuti.</strong></span> <span class='ocrx_word' id='word_1_216' title='bbox 862 2596 918 2656; x_wconf 87' lang='lat' dir='ltr'><strong>uisi</strong></span> <span class='ocrx_word' id='word_1_217' title='bbox 934 2596 1008 2655; x_wconf 79' lang='lat' dir='ltr'><strong>forte</strong></span> <span class='ocrx_word' id='word_1_218' title='bbox 1023 2595 1053 2653; x_wconf 92' lang='lat' dir='ltr'><strong>in</strong></span> <span class='ocrx_word' id='word_1_219' title='bbox 1068 2595 1120 2654; x_wconf 91' lang='lat' dir='ltr'><strong>illo</strong></span> <span class='ocrx_word' id='word_1_220' title='bbox 1146 2611 1258 2667; x_wconf 87' lang='lat' dir='ltr'><strong>quoque</strong></span> <span class='ocrx_word' id='word_1_221' title='bbox 1273 2594 1418 2666; x_wconf 89' lang='lat' dir='ltr'><strong>superiore</strong></span> <span class='ocrx_word' id='word_1_222' title='bbox 1434 2597 1511 2652; x_wconf 88' lang='lat' dir='ltr'><strong>trac·</strong></span> 
     </span>
     <span class='ocr_line' id='line_1_24' title="bbox 377 2692 1512 2773; baseline -0.005 -15"><span class='ocrx_word' id='word_1_223' title='bbox 377 2702 442 2758; x_wconf 88' lang='lat' dir='ltr'><strong>tatu</strong></span> <span class='ocrx_word' id='word_1_224' title='bbox 467 2700 544 2759; x_wconf 85' lang='lat' dir='ltr'><strong>circa</strong></span> <span class='ocrx_word' id='word_1_225' title='bbox 566 2715 615 2757; x_wconf 92' lang='lat' dir='ltr'><strong>eos</strong></span> <span class='ocrx_word' id='word_1_226' title='bbox 636 2699 685 2773; x_wconf 88' lang='lat' dir='ltr'><strong>qni</strong></span> <span class='ocrx_word' id='word_1_227' title='bbox 712 2701 824 2758; x_wconf 79' lang='lat' dir='ltr'><strong>tantum</strong></span> <span class='ocrx_word' id='word_1_228' title='bbox 849 2699 931 2757; x_wconf 94' lang='lat' dir='ltr'><strong>modo</strong></span> <span class='ocrx_word' id='word_1_229' title='bbox 960 2696 1127 2756; x_wconf 89' lang='lat' dir='ltr'><strong>innomine</strong></span> <span class='ocrx_word' id='word_1_230' title='bbox 1149 2695 1257 2755; x_wconf 78' lang='lat' dir='ltr'><strong>Christi</strong></span> <span class='ocrx_word' id='word_1_231' title='bbox 1280 2697 1347 2754; x_wconf 89' lang='lat' dir='ltr'><strong>lesu</strong></span> <span class='ocrx_word' id='word_1_232' title='bbox 1373 2692 1512 2768; x_wconf 80' lang='lat' dir='ltr'><strong>baptizati</strong></span> 
     </span>
     <span class='ocr_line' id='line_1_25' title="bbox 375 2797 1511 2872; baseline -0.004 -13"><span class='ocrx_word' id='word_1_233' title='bbox 375 2799 484 2859; x_wconf 82' lang='lat' dir='ltr'><strong>inerint</strong></span> <span class='ocrx_word' id='word_1_234' title='bbox 504 2802 618 2859; x_wconf 86' lang='lat' dir='ltr'><strong>statuas</strong></span> <span class='ocrx_word' id='word_1_235' title='bbox 639 2801 726 2859; x_wconf 87' lang='lat' dir='ltr'><strong>etiam</strong></span> <span class='ocrx_word' id='word_1_236' title='bbox 741 2801 803 2859; x_wconf 92' lang='lat' dir='ltr'><strong>siue</strong></span> <span class='ocrx_word' id='word_1_237' title='bbox 817 2798 921 2872; x_wconf 85' lang='lat' dir='ltr'><strong>spiritu</strong></span> <span class='ocrx_word' id='word_1_238' title='bbox 935 2800 1035 2858; x_wconf 91' lang='lat' dir='ltr'><strong>sancto</strong></span> <span class='ocrx_word' id='word_1_239' title='bbox 1050 2814 1134 2871; x_wconf 90' lang='lat' dir='ltr'><strong>posse</strong></span> <span class='ocrx_word' id='word_1_240' title='bbox 1150 2798 1248 2857; x_wconf 88' lang='lat' dir='ltr'><strong>saluos</strong></span> <span class='ocrx_word' id='word_1_241' title='bbox 1264 2797 1335 2868; x_wconf 86' lang='lat' dir='ltr'><strong>fieri,</strong></span> <span class='ocrx_word' id='word_1_242' title='bbox 1353 2801 1371 2869; x_wconf 89' lang='lat'>†</span> <span class='ocrx_word' id='word_1_243' title='bbox 1386 2800 1437 2855; x_wconf 90' lang='lat' dir='ltr'><strong>aut</strong></span> <span class='ocrx_word' id='word_1_244' title='bbox 1454 2813 1511 2856; x_wconf 90' lang='lat' dir='ltr'><strong>non</strong></span> 
     </span>
     <span class='ocr_line' id='line_1_26' title="bbox 376 2897 1547 2974; baseline -0.001 -15"><span class='ocrx_word' id='word_1_245' title='bbox 376 2901 431 2959; x_wconf 87' lang='lat' dir='ltr'><strong>hac</strong></span> <span class='ocrx_word' id='word_1_246' title='bbox 458 2901 521 2960; x_wconf 89' lang='lat' dir='ltr'><strong>aola</strong></span> <span class='ocrx_word' id='word_1_247' title='bbox 544 2901 666 2973; x_wconf 89' lang='lat' dir='ltr'><strong>ratione,</strong></span> <span class='ocrx_word' id='word_1_248' title='bbox 693 2901 744 2961; x_wconf 87' lang='lat' dir='ltr'><strong>sed</strong></span> <span class='ocrx_word' id='word_1_249' title='bbox 767 2903 864 2974; x_wconf 86' lang='lat' dir='ltr'><strong>siper</strong></span> <span class='ocrx_word' id='word_1_250' title='bbox 884 2917 984 2959; x_wconf 89' lang='lat' dir='ltr'><strong>manus</strong></span> <span class='ocrx_word' id='word_1_251' title='bbox 1008 2900 1221 2973; x_wconf 88' lang='lat' dir='ltr'><strong>impositionem</strong></span> <span class='ocrx_word' id='word_1_252' title='bbox 1237 2899 1362 2972; x_wconf 87' lang='lat' dir='ltr'><strong>episcopi</strong></span> <span class='ocrx_word' id='word_1_253' title='bbox 1377 2897 1511 2972; x_wconf 83' lang='lat' dir='ltr'><strong>spiritum</strong></span> <span class='ocrx_word' id='word_1_254' title='bbox 1520 2917 1547 2958; x_wconf 81' lang='lat' dir='ltr'><strong>es</strong></span> 
     </span>
    </p>

    <p class='ocr_par' dir='ltr' id='par_1_6' title="bbox 272 3000 1512 3180">
     <span class='ocr_line' id='line_1_27' title="bbox 272 3000 1512 3077; baseline -0.002 -16"><span class='ocrx_word' id='word_1_255' title='bbox 272 3011 274 3016; x_wconf 83' lang='grc'><strong>’</strong></span> <span class='ocrx_word' id='word_1_256' title='bbox 378 3005 510 3062; x_wconf 91' lang='lat' dir='ltr'><strong>sanctum</strong></span> <span class='ocrx_word' id='word_1_257' title='bbox 526 3019 680 3064; x_wconf 89' lang='lat' dir='ltr'><strong>consuesse</strong></span> <span class='ocrx_word' id='word_1_258' title='bbox 701 3003 842 3077; x_wconf 88' lang='lat' dir='ltr'><strong>praestari</strong></span> <span class='ocrx_word' id='word_1_259' title='bbox 864 3004 914 3062; x_wconf 89' lang='lat' dir='ltr'><strong>aut</strong></span> <span class='ocrx_word' id='word_1_260' title='bbox 929 3002 1016 3062; x_wconf 84' lang='lat' dir='ltr'><strong>etiam</strong></span> <span class='ocrx_word' id='word_1_261' title='bbox 1032 3018 1089 3061; x_wconf 93' lang='lat' dir='ltr'><strong>non</strong></span> <span class='ocrx_word' id='word_1_262' title='bbox 1106 3001 1269 3075; x_wconf 91' lang='lat' dir='ltr'><strong>episcopum</strong></span> <span class='ocrx_word' id='word_1_263' title='bbox 1284 3001 1363 3060; x_wconf 89' lang='lat' dir='ltr'><strong>dicas</strong></span> <span class='ocrx_word' id='word_1_264' title='bbox 1378 3000 1512 3075; x_wconf 86' lang='lat' dir='ltr'><strong>spiritum</strong></span> 
     </span>
     <span class='ocr_line' id='line_1_28' title="bbox 377 3105 844 3180; baseline 0.002 -17"><span class='ocrx_word' id='word_1_265' title='bbox 377 3108 507 3163; x_wconf 90' lang='lat' dir='ltr'><strong>sanctum</strong></span> <span class='ocrx_word' id='word_1_266' title='bbox 524 3105 641 3164; x_wconf 88' lang='lat' dir='ltr'><strong>solitum</strong></span> <span class='ocrx_word' id='word_1_267' title='bbox 656 3121 719 3164; x_wconf 90' lang='lat' dir='ltr'><strong>esse</strong></span> <span class='ocrx_word' id='word_1_268' title='bbox 734 3105 844 3180; x_wconf 79' lang='lat' dir='ltr'><strong>largiri.</strong></span> 
     </span>
    </p>

    <p class='ocr_par' dir='ltr' id='par_1_7' title="bbox 347 3206 1546 3587">
     <span class='ocr_line' id='line_1_29' title="bbox 347 3206 1513 3282; baseline 0.002 -18"><span class='ocrx_word' id='word_1_269' title='bbox 347 3212 366 3272; x_wconf 85' lang='lat'>5</span> <span class='ocrx_word' id='word_1_270' title='bbox 420 3206 502 3276; x_wconf 82' lang='lat' dir='ltr'><strong>Quod</strong></span> <span class='ocrx_word' id='word_1_271' title='bbox 525 3206 550 3265; x_wconf 88' lang='lat' dir='ltr'><strong>ei</strong></span> <span class='ocrx_word' id='word_1_272' title='bbox 571 3206 614 3265; x_wconf 93' lang='lat' dir='ltr'><strong>ita</strong></span> <span class='ocrx_word' id='word_1_273' title='bbox 635 3211 680 3266; x_wconf 91' lang='lat' dir='ltr'><strong>est</strong></span> <span class='ocrx_word' id='word_1_274' title='bbox 695 3210 725 3267; x_wconf 90' lang='lat' dir='ltr'><strong>et</strong></span> <span class='ocrx_word' id='word_1_275' title='bbox 745 3210 841 3282; x_wconf 91' lang='lat' dir='ltr'><strong>potest</strong></span> <span class='ocrx_word' id='word_1_276' title='bbox 864 3206 973 3280; x_wconf 86' lang='lat' dir='ltr'><strong>aliquid</strong></span> <span class='ocrx_word' id='word_1_277' title='bbox 997 3207 1097 3266; x_wconf 89' lang='lat' dir='ltr'><strong>horum</strong></span> <span class='ocrx_word' id='word_1_278' title='bbox 1119 3208 1254 3268; x_wconf 88' lang='lat' dir='ltr'><strong>euenieus</strong></span> <span class='ocrx_word' id='word_1_279' title='bbox 1268 3207 1390 3267; x_wconf 81' lang='grc' dir='ltr'>ιιιιιιιιιι</span> <span class='ocrx_word' id='word_1_280' title='bbox 1404 3207 1513 3266; x_wconf 85' lang='lat' dir='ltr'><strong>homini</strong></span> 
     </span>
     <span class='ocr_line' id='line_1_30' title="bbox 377 3307 1511 3383; baseline 0.001 -16"><span class='ocrx_word' id='word_1_281' title='bbox 377 3307 506 3368; x_wconf 91' lang='lat' dir='ltr'><strong>credenti</strong></span> <span class='ocrx_word' id='word_1_282' title='bbox 523 3325 579 3367; x_wconf 93' lang='lat' dir='ltr'><strong>nou</strong></span> <span class='ocrx_word' id='word_1_283' title='bbox 594 3310 765 3382; x_wconf 88' lang='lat' dir='ltr'><strong>praeripere,</strong></span> <span class='ocrx_word' id='word_1_284' title='bbox 782 3311 815 3369; x_wconf 94' lang='lat' dir='ltr'><strong>tu</strong></span> <span class='ocrx_word' id='word_1_285' title='bbox 830 3326 941 3383; x_wconf 88' lang='lat' dir='ltr'><strong>qnoque</strong></span> <span class='ocrx_word' id='word_1_286' title='bbox 956 3310 1017 3383; x_wconf 91' lang='lat' dir='ltr'><strong>ipsa</strong></span> <span class='ocrx_word' id='word_1_287' title='bbox 1032 3309 1136 3368; x_wconf 88' lang='lat' dir='ltr'><strong>annuis</strong></span> <span class='ocrx_word' id='word_1_288' title='bbox 1151 3309 1283 3383; x_wconf 85' lang='lat' dir='ltr'><strong>quoniam</strong></span> <span class='ocrx_word' id='word_1_289' title='bbox 1298 3310 1380 3370; x_wconf 88' lang='lat' dir='ltr'><strong>modo</strong></span> <span class='ocrx_word' id='word_1_290' title='bbox 1396 3309 1511 3368; x_wconf 90' lang='lat' dir='ltr'><strong>dimidi-</strong></span> 
     </span>
     <span class='ocr_line' id='line_1_31' title="bbox 376 3408 1546 3487; baseline 0 -19"><span class='ocrx_word' id='word_1_291' title='bbox 376 3412 455 3468; x_wconf 91' lang='lat' dir='ltr'><strong>atum</strong></span> <span class='ocrx_word' id='word_1_292' title='bbox 481 3413 512 3469; x_wconf 92' lang='grc' dir='ltr'><strong>ιι</strong></span> <span class='ocrx_word' id='word_1_293' title='bbox 539 3425 597 3468; x_wconf 93' lang='lat' dir='ltr'><strong>non</strong></span> <span class='ocrx_word' id='word_1_294' title='bbox 622 3413 655 3468; x_wconf 92' lang='lat' dir='ltr'><strong>nt</strong></span> <span class='ocrx_word' id='word_1_295' title='bbox 680 3408 828 3469; x_wconf 89' lang='lat' dir='ltr'><strong>contendis</strong></span> <span class='ocrx_word' id='word_1_296' title='bbox 854 3412 1078 3470; x_wconf 87' lang='lat' dir='ltr'><strong>consummatum</strong></span> <span class='ocrx_word' id='word_1_297' title='bbox 1104 3410 1272 3487; x_wconf 80' lang='lat' dir='ltr'><strong>mysterium</strong></span> <span class='ocrx_word' id='word_1_298' title='bbox 1297 3411 1373 3484; x_wconf 83' lang='lat' dir='ltr'><strong>fidoi,</strong></span> <span class='ocrx_word' id='word_1_299' title='bbox 1400 3410 1428 3468; x_wconf 84' lang='lat' dir='ltr'><strong>si</strong></span> <span class='ocrx_word' id='word_1_300' title='bbox 1454 3427 1546 3484; x_wconf 79' lang='lat' dir='ltr'><strong>quaro</strong></span> 
     </span>
     <span class='ocr_line' id='line_1_32' title="bbox 377 3510 1510 3587; baseline 0.001 -17"><span class='ocrx_word' id='word_1_301' title='bbox 377 3512 538 3572; x_wconf 85' lang='lat' dir='ltr'><strong>necessitas</strong></span> <span class='ocrx_word' id='word_1_302' title='bbox 558 3510 726 3585; x_wconf 87' lang='lat' dir='ltr'><strong>intemenit,</strong></span> <span class='ocrx_word' id='word_1_303' title='bbox 748 3513 870 3572; x_wconf 83' lang='lat' dir='ltr'><strong>salutem</strong></span> <span class='ocrx_word' id='word_1_304' title='bbox 894 3513 1018 3572; x_wconf 85' lang='lat' dir='ltr'><strong>adimere</strong></span> <span class='ocrx_word' id='word_1_305' title='bbox 1039 3530 1095 3572; x_wconf 89' lang='lat' dir='ltr'><strong>non</strong></span> <span class='ocrx_word' id='word_1_306' title='bbox 1119 3529 1203 3587; x_wconf 90' lang='lat' dir='ltr'><strong>posse</strong></span> <span class='ocrx_word' id='word_1_307' title='bbox 1224 3513 1351 3573; x_wconf 89' lang='lat' dir='ltr'><strong>credenti</strong></span> <span class='ocrx_word' id='word_1_308' title='bbox 1366 3515 1396 3572; x_wconf 90' lang='grc' dir='ltr'><strong>ιι</strong></span> <span class='ocrx_word' id='word_1_309' title='bbox 1410 3514 1510 3587; x_wconf 91' lang='lat' dir='ltr'><strong>paeni·</strong></span> 
     </span>
    </p>
   </div>
   <div class='ocr_carea' id='block_1_4' title="bbox 372 3828 1511 4243">
    <p class='ocr_par' dir='ltr' id='par_1_8' title="bbox 372 3828 1511 4243">
     <span class='ocr_line' id='line_1_33' title="bbox 446 3828 1474 3901; baseline 0.004 -20"><span class='ocrx_word' id='word_1_310' title='bbox 446 3830 462 3881; x_wconf 98' lang='lat'>1</span> <span class='ocrx_word' id='word_1_311' title='bbox 476 3829 604 3897; x_wconf 85' lang='lat' dir='ltr'><strong>quoniam</strong></span> <span class='ocrx_word' id='word_1_312' title='bbox 616 3829 661 3882; x_wconf 89' lang='lat' dir='ltr'><strong>nol</strong></span> <span class='ocrx_word' id='word_1_313' title='bbox 672 3829 780 3897; x_wconf 63' lang='lat' dir='ltr'><strong>accipet,</strong></span> <span class='ocrx_word' id='word_1_314' title='bbox 792 3828 836 3882; x_wconf 88' lang='lat' dir='ltr'><strong>nal</strong></span> <span class='ocrx_word' id='word_1_315' title='bbox 848 3829 972 3897; x_wconf 90' lang='lat' dir='ltr'><strong>qnoniam</strong></span> <span class='ocrx_word' id='word_1_316' title='bbox 985 3830 1052 3894; x_wconf 77' lang='lat' dir='ltr'><strong>cod,</strong></span> <span class='ocrx_word' id='word_1_317' title='bbox 1064 3831 1192 3898; x_wconf 88' lang='lat' dir='ltr'><strong>quoniam</strong></span> <span class='ocrx_word' id='word_1_318' title='bbox 1205 3831 1270 3901; x_wconf 76' lang='lat' dir='ltr'><strong>Rip.</strong></span> <span class='ocrx_word' id='word_1_319' title='bbox 1315 3831 1402 3899; x_wconf 85' lang='lat' dir='ltr'><strong>aliqui</strong></span> <span class='ocrx_word' id='word_1_320' title='bbox 1414 3831 1474 3901; x_wconf 73' lang='lat' dir='ltr'><strong>Rip.</strong></span> 
     </span>
     <span class='ocr_line' id='line_1_34' title="bbox 376 3914 1510 3987; baseline 0.004 -20"><span class='ocrx_word' id='word_1_321' title='bbox 376 3914 408 3967; x_wconf 87' lang='lat'><strong>11</strong></span> <span class='ocrx_word' id='word_1_322' title='bbox 433 3929 598 3982; x_wconf 86' lang='lat' dir='ltr'><strong>quamquam</strong></span> <span class='ocrx_word' id='word_1_323' title='bbox 621 3916 692 3969; x_wconf 72' lang='lat' dir='ltr'><strong>cont</strong></span> <span class='ocrx_word' id='word_1_324' title='bbox 717 3915 809 3968; x_wconf 78' lang='grc' dir='ltr'>ιιιιιιο</span> <span class='ocrx_word' id='word_1_325' title='bbox 831 3915 901 3983; x_wconf 72' lang='lat' dir='ltr'><strong>pais,</strong></span> <span class='ocrx_word' id='word_1_326' title='bbox 924 3916 1049 3982; x_wconf 86' lang='lat' dir='ltr'><strong>quoniam</strong></span> <span class='ocrx_word' id='word_1_327' title='bbox 1072 3916 1131 3970; x_wconf 79' lang='lat' dir='ltr'><strong>cod.</strong></span> <span class='ocrx_word' id='word_1_328' title='bbox 1149 3922 1208 3970; x_wconf 84' lang='lat' dir='ltr'><strong>cto</strong></span> <span class='ocrx_word' id='word_1_329' title='bbox 1345 3917 1379 3970; x_wconf 75' lang='lat'><strong>21</strong></span> <span class='ocrx_word' id='word_1_330' title='bbox 1401 3919 1510 3987; x_wconf 83' lang='lat' dir='ltr'><strong>uec1ue</strong></span> 
     </span>
     <span class='ocr_line' id='line_1_35' title="bbox 373 3999 1510 4072; baseline 0.004 -18"><span class='ocrx_word' id='word_1_331' title='bbox 373 3999 435 4070; x_wconf 74' lang='lat' dir='ltr'><strong>Rip.</strong></span> <span class='ocrx_word' id='word_1_332' title='bbox 562 4000 595 4052; x_wconf 76' lang='lat' dir='ltr'><strong>ad</strong></span> <span class='ocrx_word' id='word_1_333' title='bbox 615 4001 702 4053; x_wconf 89' lang='lat' dir='ltr'><strong>solum</strong></span> <span class='ocrx_word' id='word_1_334' title='bbox 720 3999 780 4071; x_wconf 73' lang='lat' dir='ltr'><strong>Rip.</strong></span> <span class='ocrx_word' id='word_1_335' title='bbox 905 4000 939 4052; x_wconf 79' lang='lat'><strong>29</strong></span> <span class='ocrx_word' id='word_1_336' title='bbox 958 4001 1084 4068; x_wconf 85' lang='lat' dir='ltr'><strong>quoniam</strong></span> <span class='ocrx_word' id='word_1_337' title='bbox 1101 4001 1189 4072; x_wconf 91' lang='lat' dir='ltr'><strong>modo]</strong></span> <span class='ocrx_word' id='word_1_338' title='bbox 1209 4018 1324 4070; x_wconf 86' lang='lat' dir='ltr'><strong>quonam</strong></span> <span class='ocrx_word' id='word_1_339' title='bbox 1342 4002 1422 4058; x_wconf 89' lang='lat' dir='ltr'><strong>modo</strong></span> <span class='ocrx_word' id='word_1_340' title='bbox 1438 4002 1510 4058; x_wconf 66' lang='lat' dir='ltr'><strong>cont</strong></span> 
     </span>
     <span class='ocr_line' id='line_1_36' title="bbox 378 4083 1509 4149; baseline 0.004 -11"><span class='ocrx_word' id='word_1_341' title='bbox 378 4083 563 4149; x_wconf 58' lang='lat' dir='ltr'><strong>odiendium</strong></span> <span class='ocrx_word' id='word_1_342' title='bbox 591 4100 643 4139; x_wconf 94' lang='lat' dir='ltr'><strong>non</strong></span> <span class='ocrx_word' id='word_1_343' title='bbox 662 4084 739 4139; x_wconf 88' lang='lat' dir='ltr'><strong>modo</strong></span> <span class='ocrx_word' id='word_1_344' title='bbox 762 4085 933 4140; x_wconf 85' lang='lat' dir='ltr'><strong>dimidiatum</strong></span> <span class='ocrx_word' id='word_1_345' title='bbox 952 4089 983 4138; x_wconf 89' lang='lat' dir='ltr'><strong>ut</strong></span> <span class='ocrx_word' id='word_1_346' title='bbox 1000 4087 1138 4141; x_wconf 88' lang='lat' dir='ltr'><strong>contendis</strong></span> <span class='ocrx_word' id='word_1_347' title='bbox 1156 4087 1203 4141; x_wconf 92' lang='lat' dir='ltr'><strong>scd</strong></span> <span class='ocrx_word' id='word_1_348' title='bbox 1221 4092 1421 4141; x_wconf 89' lang='lat' dir='ltr'><strong>consummatur</strong></span> <span class='ocrx_word' id='word_1_349' title='bbox 1438 4088 1509 4143; x_wconf 79' lang='lat' dir='ltr'><strong>coni.</strong></span> 
     </span>
     <span class='ocr_line' id='line_1_37' title="bbox 372 4169 1511 4243; baseline 0.004 -18"><span class='ocrx_word' id='word_1_350' title='bbox 372 4169 927 4240; x_wconf 64' lang='lat' dir='ltr'><strong>mcopcu,sednitsion1eondasn;cf.</strong></span> <span class='ocrx_word' id='word_1_351' title='bbox 943 4173 1024 4243; x_wconf 76' lang='lat' dir='ltr'><strong>Cypr.</strong></span> <span class='ocrx_word' id='word_1_352' title='bbox 1036 4174 1112 4241; x_wconf 72' lang='lat' dir='ltr'><strong>epist.</strong></span> <span class='ocrx_word' id='word_1_353' title='bbox 1121 4190 1151 4242; x_wconf 86' lang='lat' dir='ltr'><strong>p.</strong></span> <span class='ocrx_word' id='word_1_354' title='bbox 1161 4177 1265 4238; x_wconf 83' lang='lat'><strong>536,12</strong></span> <span class='ocrx_word' id='word_1_355' title='bbox 1333 4173 1368 4228; x_wconf 83' lang='lat'><strong>30</strong></span> <span class='ocrx_word' id='word_1_356' title='bbox 1380 4174 1511 4230; x_wconf 76' lang='lat' dir='ltr'><strong>siaddt&#39;ds&#39;</strong></span> 
     </span>
    </p>
   </div>
   <div class='ocr_carea' id='block_1_5' title="bbox 0 0 1864 4920">
    <p class='ocr_par' dir='ltr' id='par_1_9' title="bbox 0 0 1864 4920">
     <span class='ocr_line' id='line_1_38' title="bbox 0 0 1864 4920; baseline 0 2"><span class='ocrx_word' id='word_1_357' title='bbox 0 0 1864 4920; x_wconf 95' lang='lat' dir='ltr'><strong> </strong></span> 
     </span>
    </p>
   </div>
  </div>
 </body>
</html>
