3720 4920
378 397 440 463 166
840 391 1033 464 *Appendiu

376 551 510 624 peribus,
531 555 564 611 ut
584 554 675 612 semet
697 551 775 626 ipsos
790 552 891 626 qusles
914 551 974 610 sint
994 550 1166 624 intellegant
1187 554 1218 610 et
1237 552 1313 624 quod
1332 552 1419 611 robus
1439 567 1508 611 con·

376 652 459 728 sequi
472 671 530 714 non
544 653 643 715 ualent
657 655 764 714 mentis
777 656 888 714 tumore
903 653 1050 727 superbire
1066 652 1217 713 desistant.

809 839 887 898 REX
907 837 1075 909 INIQVVS.

347 974 366 1031 9
421 975 521 1037 Nouus
536 979 683 1038 abusionis
697 978 804 1052 modus
819 980 865 1037 est
878 994 929 1037 rex
945 977 1068 1050 iniquus.
1080 976 1186 1035 etenim
1198 992 1296 1049 regem
1310 993 1367 1036 non
1378 975 1506 1050 iniquum

377 1079 429 1137 sed
444 1081 630 1140 correctorem
645 1079 806 1154 iniquorum
820 1096 883 1139 esse
899 1081 1021 1153 oportet.
1043 1078 1117 1137 unde
1142 1077 1174 1135 in
1195 1080 1287 1137 semet
1300 1077 1363 1152 ipso
1383 1078 1530 1139 nominise

378 1179 425 1238 sui
439 1180 609 1254 dignitatem
625 1182 768 1242 custodire
783 1181 884 1241 debet:
907 1197 1010 1240 nomen
1024 1180 1101 1239 enim
1114 1180 1192 1253 regie
1207 1179 1443 1239 intellectualiter
1454 1181 1508 1240 hoc

378 1281 501 1352 retinet,
523 1283 556 1340 ut
571 1281 708 1342 subiectis
722 1281 853 1342 omnibus
868 1281 988 1341 rectoris
1003 1280 1128 1340 officium
1143 1284 1284 1354 procuret.
1308 1283 1360 1341 sed
1383 1282 1508 1354 qualiter

378 1382 452 1441 alios
477 1384 620 1457 corrigere
646 1384 752 1457 poterit
773 1384 824 1457 qui
849 1383 979 1457 proprios
1005 1400 1098 1442 mores
1119 1400 1155 1441 ne
1177 1382 1269 1457 iniqui
1290 1382 1350 1441 sint
1371 1400 1428 1443 non
1443 1400 1506 1442 cor·

376 1483 468 1556 rigit?
491 1485 623 1558 quoniam
639 1485 753 1543 iustitia
766 1485 844 1558 regis
868 1485 1013 1544 exaltatur
1038 1483 1141 1544 solium
1163 1485 1193 1543 et
1208 1485 1331 1543 ueritme
1346 1484 1508 1543 solidantur

375 1585 570 1656 gubernacula
583 1585 760 1659 populorum.
783 1586 896 1645 institia
915 1603 983 1645 uero
1004 1586 1083 1659 regis
1105 1587 1150 1644 eet
1170 1585 1313 1645 neminem
1332 1585 1440 1644 iniuste
1454 1601 1543 1658 perro

375 1687 532 1759 potentium
544 1687 711 1761 opprimere,
728 1688 789 1747 sine
800 1688 963 1761 acceptioue
975 1704 1160 1760 personarum
1171 1688 1249 1746 inter
1263 1686 1357 1745 uirum
1371 1689 1401 1745 et
1410 1687 1507 1760 prori-

376 1803 453 1845 mum
469 1805 552 1846 suum
567 1789 711 1859 iudicare,
738 1788 857 1847 aduems
878 1791 908 1847 et
929 1788 1049 1862 pupillis
1070 1791 1100 1847 ct
1122 1788 1219 1847 uiduis
1234 1787 1409 1846 defensorem
1432 1804 1506 1862 esse,

376 1887 457 1947 furta
471 1891 620 1963 cohibere,
645 1889 788 1950 adulteria
803 1890 920 1964 punire,
947 1891 1061 1966 iniquos
1076 1907 1132 1949 non
1148 1890 1291 1963 emltarc,
1312 1889 1461 1964 inpudicos
1476 1892 1507 1950 et

376 1987 534 2049 histriones
556 2009 612 2049 non
627 1992 748 2063 nutrire,
770 1992 873 2064 impios
888 1993 922 2050 de
938 1995 1016 2050 terra
1030 1992 1159 2065 perdere,
1182 1990 1340 2064 parricidas
1362 2001 1392 2050 et
1407 1992 1504 2064 periu-

377 2093 477 2150 rantes
503 2092 598 2153 uiuere
614 2110 671 2152 non
686 2094 796 2167 sinere,
819 2094 956 2153 ccclesias
971 2093 1138 2164 defendere,
1162 2109 1303 2167 pauperes
1318 2093 1505 2170 elecmosynis
1515 2113 1541 2156 rs

376 2191 470 2265 ulere,
493 2193 585 2253 iustos
602 2212 688 2268 super
706 2195 788 2268 regni
812 2195 930 2269 negotia
950 2196 1141 2265 constituere,
1164 2212 1249 2253 senes
1264 2198 1294 2253 et
1314 2195 1458 2268 sapientes
1476 2199 1507 2256 et

379 2294 490 2354 sobrios
510 2295 687 2355 consiliarios
702 2296 824 2369 habere,
846 2313 994 2370 magorum
1009 2299 1039 2356 et
1052 2296 1205 2356 ariolorum
1220 2295 1507 2370 pythonissarumque

377 2397 631 2469 superstitionibus
646 2415 702 2455 non
718 2397 883 2469 intendere,
899 2397 1074 2456 iracundiam
1089 2396 1203 2455 diliorre
1213 2420 1232 2468 ,·
1251 2398 1373 2469 patriam
1394 2397 1509 2456 fortiter

377 2501 408 2557 et
422 2497 497 2556 iuste
513 2501 613 2557 contra
631 2498 808 2558 aduersarios
824 2498 990 2569 defendere,
1013 2515 1063 2572 per
1088 2498 1183 2557 omnia
1197 2496 1227 2556 in
1242 2497 1302 2557 Deo
1318 2498 1423 2570 uiuere,
1438 2515 1504 2571 prc-

376 2597 563 2672 speritatibus
582 2616 639 2658 non
665 2599 774 2658 eleuare
811 2600 946 2671 animum,
976 2602 1079 2659 cuncta
1107 2599 1227 2657 aduersa
1252 2600 1395 2672 patienter
1420 2599 1542 2675 ferrem

376 2699 461 2759 fidem
483 2700 654 2759 catholicam
672 2700 702 2759 in
716 2701 806 2759 Deum
821 2701 936 2772 hebere,
952 2700 1027 2760 filios
1042 2718 1109 2759 suos
1124 2717 1181 2759 non
1196 2699 1289 2760 sinere
1304 2700 1389 2773 impie
1410 2718 1506 2775 agere,

375 2801 461 2861 certis
476 2800 555 2861 horis
569 2801 744 2861 orationibus
760 2800 908 2873 insistere,
931 2805 997 2860 ente
1023 2803 1110 2861 horas
1136 2819 1276 2875 congruus
1306 2820 1363 2862 non
1388 2806 1505 2876 gustare

372 2903 477 2962 cibum.
508 2921 576 2964 uae
602 2904 696 2963 enim
728 2907 864 2976 terrae,
901 2904 1009 2964 cuius
1038 2922 1100 2963 rex
1137 2909 1193 2964 est
1220 2921 1308 2976 puer
1340 2909 1375 2964 ct
1403 2907 1505 2966 cuius

441 3082 476 3137 23
493 3082 565 3136 Eccl.
584 3084 625 3147 10,
645 3084 686 3137 16.

447 3251 461 3304 1
480 3250 698 3304 obserasset
719 3250 848 3313 G,utet
869 3252 896 3304 V
1008 3253 1040 3304 ut
1058 3251 1130 3320 quod
1151 3251 1182 3315 V,
1201 3253 1301 3320 quiec
1414 3270 1504 3308 conse·

373 3336 430 3405 quil
449 3334 521 3403 quod
538 3335 653 3402 cupiunt
668 3334 734 3389 cdd.
751 3351 769 3388 e
836 3335 997 3390 2desinant
1014 3337 1061 3391 Xe
1128 3338 1407 3407 letenim...unde]
1425 3355 1503 3406 quem

372 3436 432 3475 cum
450 3419 606 3488 iniquorum
624 3419 808 3473 correctiorem
826 3436 883 3473 esse
901 3422 1050 3489 oportuerit
1067 3422 1151 3475 etiam
1168 3421 1200 3475 Χ
1364 3423 1382 3476 5
1399 3424 1504 3478 nomini

376 3505 446 3562 G¹X
576 3504 594 3557 6
612 3504 692 3560 debet
708 3504 841 3559 custodire
863 3506 894 3570 V,
912 3522 965 3560 non
984 3506 1103 3561 custodit
1120 3507 1151 3561 X
1283 3508 1355 3561 enim
1371 3523 1422 3563 ces
1440 3510 1472 3563 X

371 3591 436 3646 ein
453 3590 596 3643 iustitiae
720 3590 851 3644 exaltetur
869 3591 899 3643 X
1026 3593 1066 3659 st]
1084 3594 1113 3644 et
1129 3593 1159 3645 in
1182 3592 1267 3647 θ’Χυ
1389 3593 1505 3647 ueritate

370 3674 445 3743 regis
466 3672 508 3728 Vc
601 3674 633 3727 11
650 3689 822 3743 personarum
840 3675 1028 3742 acceptiouec
1113 3676 1143 3730 in
1160 3678 1250 3730 uirum
1274 3677 1300 3732 V
1383 3678 1416 3732 12
1433 3678 1505 3732 iuste

371 3759 525 3814 iudicares
606 3761 635 3812 et
651 3759 742 3812 uiduis
760 3775 810 3814 oen
835 3759 860 3814 V
950 3760 984 3814 13
1001 3776 1053 3814 non
1071 3761 1102 3815 X
1117 3777 1141 3817 s.
1160 3763 1177 3817 l.
1196 3765 1272 3817 Μ
1363 3763 1398 3818 14
1414 3764 1504 3817 istrio-

371 3858 418 3897 nes
440 3843 471 3909 V,
489 3842 606 3896 strioues
628 3843 686 3898 GX
797 3844 950 3912 ,peierantes
971 3844 1012 3901 Vc
1125 3848 1158 3902 15
1175 3848 1258 3902 sinire
1280 3847 1318 3904 θ’
1435 3865 1461 3917 p.
1479 3864 1503 3905 e.

371 3928 454 3998 alere}
471 3927 634 3998 pauperibus
652 3929 808 3983 elemosinae
825 3929 890 3984 dere
906 3930 939 3986 X
1042 3933 1074 3986 16
1093 3934 1200 4002 sapiens
1212 3934 1253 3988 ΧΙ
1359 3935 1392 3988 17
1410 3950 1445 3988 m.
1464 3934 1502 4004 st]

371 4029 513 4084 magomm
529 4031 548 4070 c
650 4017 678 4070 et
695 4015 905 4085 phitonissarum
922 4017 960 4083 X,
978 4016 1190 4087 phitonissarum
1213 4019 1241 4075 V
1352 4020 1385 4075 19
1402 4021 1503 4091 uiuere]

372 4099 504 4155 confidere
521 4101 568 4156 Xe
680 4102 716 4156 20
732 4116 785 4155 ncn
802 4102 904 4157 eleuari
921 4103 1010 4159 animo
1032 4104 1063 4170 V,
1083 4122 1106 4160 a
1126 4122 1152 4160 n.
1172 4107 1312 4162 eleuarev
1425 4105 1503 4177 terre]

371 4183 523 4240 tolerares
661 4186 694 4240 21
713 4202 775 4240 suos
792 4202 843 4242 cm.
862 4187 893 4241 X
1029 4188 1125 4259 impios
1143 4192 1174 4245 X
1310 4192 1345 4245 22
1362 4191 1416 4245 oris
1434 4191 1465 4245 X

372 4270 406 4325 23
424 4269 514 4326 dbum
532 4287 586 4325 uon
603 4274 713 4342 gustare
729 4290 747 4327 o
849 4288 914 4341 puer
932 4276 974 4329 cst
990 4274 1037 4330 Xe
