3720 4920
353 330 416 394 131,
833 327 1014 396 Appendix.

353 485 429 559 legis
445 488 473 544 et
494 483 671 545 testamenti.
695 484 745 545 ille
766 488 862 545 autem
883 485 1053 558 contemptis
1069 484 1160 559 patris
1175 484 1336 559 praeseptis
1351 484 1489 559 expulsus

354 591 399 645 est
425 588 459 646 de
485 589 618 660 paradiso
642 588 672 645 in
700 606 781 647 suem
809 587 980 661 terrigenam
997 588 1189 659 natiuitatem,
1218 588 1247 645 in
1262 587 1421 662 quantiam
1437 587 1487 644 de·

354 688 469 749 sanetus
494 693 556 749 est:
579 692 630 749 sed
651 691 791 750 Dominus
814 690 968 750 suseitanit
989 706 1080 762 genus
1103 689 1209 748 iustum
1225 689 1381 749 desemine
1397 690 1487 760 Adae,

354 794 428 864 quod
455 809 550 852 semen
578 794 762 852 conseruauit
786 794 816 851 in
843 793 978 867 populum
1003 809 1090 865 super
1112 793 1217 851 flumen
1232 796 1263 851 et
1282 793 1401 851 heredes
1416 792 1486 850 eius.

353 911 386 953 er
413 894 462 952 illo
488 911 594 968 genere
620 894 731 953 inuenit
759 897 900 954 homiuem
927 895 1044 966 iustum,
1073 895 1119 955 eni
1145 893 1299 969 imperauit
1324 899 1357 953 ut
1382 895 1510 954 lenerets

352 994 490 1055 fabricam
513 997 543 1054 in
567 998 681 1056 modum
697 997 846 1056 machinae
864 997 1038 1069 capacitatis
1054 999 1147 1056 certae
1162 1013 1358 1055 mensurarum
1374 1012 1488 1069 eompa-

352 1099 447 1172 gibus,
476 1101 508 1157 ut
534 1098 586 1158 illa
612 1100 728 1159 condita
751 1118 815 1159 oum
838 1101 899 1160 suis
922 1099 1063 1160 fratribus
1080 1099 1141 1158 Noe
1162 1103 1325 1159 seruaretur
1347 1116 1400 1173 per
1415 1098 1489 1157 illud

353 1217 459 1274 genus:
483 1204 534 1261 sed
555 1201 680 1262 iusserat
704 1203 782 1261 Dens
798 1207 916 1276 propter
932 1203 1106 1263 iniustitiam
1121 1203 1267 1261 hominum
1283 1202 1381 1262 orbem
1395 1204 1489 1261 terrae

353 1304 435 1376 equis
451 1303 659 1364 inundantibus
674 1305 812 1378 deperire.
840 1305 930 1378 igitur
945 1308 1045 1378 postes
1065 1304 1163 1364 selune
1179 1306 1273 1363 foetus
1288 1307 1412 1364 osteum
1428 1303 1489 1362 sais

352 1404 425 1463 Noe.
443 1407 473 1463 et
487 1405 639 1465 constituit
654 1406 680 1464 ei
697 1407 776 1465 Deus
790 1407 935 1480 praesepti
957 1408 1002 1466 sni
1028 1406 1260 1466 testificationem
1282 1406 1397 1465 diosus:
1421 1423 1489 1465 om·
1500 1419 1533 1459 ro

352 1508 410 1565 nis
439 1524 496 1566 res
530 1508 635 1567 cibus
668 1510 782 1578 ruobls,
817 1510 923 1583 qnasi
959 1510 1136 1582 pabulum
1170 1510 1305 1568 olerum
1339 1512 1492 1580 excepte

353 1626 460 1668 cerne
489 1629 564 1669 cum
588 1611 769 1684 sanguine
792 1612 904 1681 uitae,
929 1614 958 1669 et
981 1611 1078 1682 poenit
1102 1611 1189 1669 huius
1216 1610 1427 1668 testificationis
1450 1610 1491 1668 si-

352 1727 442 1785 gnnm
456 1710 485 1769 in
500 1728 577 1772 eree.
593 1715 660 1786 post
675 1714 746 1772 haee
761 1730 860 1771 rursus
876 1712 1014 1772 Dominus
1025 1712 1103 1772 Deus
1118 1712 1291 1771 testificatas
1302 1714 1347 1770 est
1357 1712 1492 1770 Abrahae

352 1812 647 1873 inIseeohoomodo
670 1815 784 1873 dioens:
809 1813 882 1872 tibi
905 1814 994 1873 dabo
1021 1816 1119 1873 hane
1144 1817 1281 1890 terrem
1304 1816 1339 1871 et
1362 1812 1492 1872 semini
1522 1884 1527 1893 Ι

352 1914 428 1986 tno,
459 1897 648 1974 etfaciam
676 1919 711 1974 te
735 1920 874 1989 petrem
904 1918 1106 1976 multarum
1129 1916 1302 1991 gentium.
1328 1912 1367 1973 'et
1390 1895 1528 1973 exinders

353 2014 475 2075 increuit
496 2034 592 2076 semen
615 2017 644 2074 iu
672 2018 885 2075 multitudinem
911 2016 1023 2091 populi,
1051 2022 1080 2076 et
1096 2017 1220 2075 diuisum
1235 2020 1281 2075 est
1296 2017 1326 2075 in
1341 2015 1489 2076 duodecim

353 2119 541 2188 patriarches.
565 2120 615 2177 sed
641 2119 728 2177 etiem
744 2118 804 2176 illis
821 2136 935 2191 qnoque
950 2120 1087 2176 Dominus
1102 2118 1333 2176 testificationem
1349 2117 1446 2190 posuit
1460 2118 1490 2175 in

353 2222 478 2278 montem
493 2219 604 2277 choreb
629 2236 680 2292 per
696 2220 824 2294 Moysen,
853 2221 887 2278 de
902 2237 957 2293 quo
973 2219 1035 2279 loeo
1051 2219 1177 2291 expulsis
1191 2221 1325 2292 gentihus
1340 2220 1491 2278 constitnit

353 2319 414 2379 illie
434 2322 580 2393 populum,
604 2339 687 2394 quem
710 2322 820 2394 aceepit
836 2325 866 2380 et
880 2323 1010 2394 possedit
1024 2320 1193 2394 promissam
1207 2321 1264 2380 sibi
1279 2323 1485 2381 hereditatem:

352 2422 456 2496 quibus
482 2424 570 2482 etiam
597 2424 735 2497 pleneque
762 2425 847 2497 signe
868 2428 897 2483 ot
912 2426 1051 2484 miracula
1065 2425 1190 2484 ostendit
1204 2424 1282 2483 Dens
1298 2425 1382 2496 quasi
1397 2424 1488 2482 oens-
1499 2434 1528 2475 io

351 2525 423 2583 simo
444 2524 512 2583 filio.
537 2526 587 2583 sed
603 2526 678 2584 idem
703 2525 828 2599 populns
843 2527 987 2599 perceptis
1002 2530 1047 2585 tot
1061 2527 1208 2598 tantisque
1222 2525 1369 2584 benefieiis
1384 2528 1487 2584 adner-

352 2629 433 2685 setus
459 2630 505 2686 est
531 2629 640 2701 petrem
666 2630 695 2687 et
722 2627 878 2702 dereliquit
899 2627 989 2687 Deum
1006 2627 1112 2688 uiuam.
1137 2625 1290 2701 dereliquit
1305 2626 1381 2685 enim
1396 2627 1494 2686 Israel·

352 2728 504 2787 Dominam
532 2730 685 2787 ostendens
711 2730 738 2787 ei
763 2732 849 2802 terga
863 2733 893 2787 et
908 2747 964 2788 non
979 2730 1099 2789 laniem:
1123 2746 1189 2788 nem
1204 2729 1307 2788 faeiem
1322 2745 1487 2815 suamoon-
1570 2771 1571 2774 ι

421 2927 456 2980 10
473 2927 539 2982 Gen.
558 2929 584 2991 o,
602 2929 628 2981 3.
733 2929 768 2981 14
786 2927 852 2981 Gen.
872 2928 914 2990 17,
932 2928 956 2981 8.
975 2926 1001 2978 2.

419 3095 487 3150 ude
505 3113 591 3151 oneo
719 3097 890 3165 terrigenam]
909 3101 1008 3149 terrem
1027 3112 1089 3148 nem
1108 3095 1135 3147 B
1256 3095 1318 3163 que]
1338 3094 1408 3164 qaod
1426 3095 1454 3147 B

351 3180 451 3235 ddeus
469 3197 492 3243 o,
512 3164 577 3234 duffii
596 3181 624 3234 B
733 3196 818 3249 genus
837 3181 932 3250 0er
1043 3179 1085 3248 de]
1104 3179 1149 3232 sed
1168 3179 1200 3232 de
1218 3179 1246 3232 B
1347 3181 1488 3234 4oonser·

353 3265 432 3319 nebit
450 3265 516 3319 ΒΤΙ
625 3265 743 3334 damen]
761 3266 849 3320 lilium
867 3281 950 3319 noeo
1064 3266 1081 3318 6
1099 3264 1227 3317 fabricem
1246 3280 1297 3318 one.
1317 3264 1352 3328 B,
1372 3264 1488 3318 fabricae

355 3350 391 3403 ΤΙ
478 3353 506 3403 in
529 3350 554 3403 Τ
568 3366 589 3404 e.
608 3351 626 3403 l.
721 3350 1002 3404 machinamentis
1020 3349 1191 3418 maginao'l’
1281 3353 1356 3404 oerta
1374 3349 1455 3420 BQT

353 3435 510 3490 loonditus
523 3436 567 3488 Be
672 3434 802 3488 iratribus
820 3436 912 3490 snisv
1015 3422 1144 3490 soler
1247 3435 1281 3487 10
1298 3437 1326 3489 et
1344 3435 1488 3488 eonstitnit

351 3522 376 3575 ei
397 3523 428 3592 Q,
450 3520 596 3576 constituit
616 3520 646 3587 Τ,
667 3537 688 3574 e.
707 3523 736 3573 et
754 3521 789 3584 B,
808 3522 851 3574 oui
870 3537 891 3574 o.
911 3525 973 3574 eto
1092 3520 1179 3573 omnis
1197 3536 1239 3573 ros
1257 3520 1342 3589 cibus]
1362 3519 1487 3573 omnibns

350 3607 489 3676 praecibus
510 3608 537 3663 Τ
634 3609 666 3660 ll
684 3606 825 3676 pabulum]
844 3606 936 3675 palam
958 3608 983 3663 Τ
1078 3607 1199 3660 holerum
1219 3607 1280 3676 Bp,
1298 3606 1410 3660 solerem
1430 3605 1455 3658 T

351 3695 385 3748 12
397 3710 457 3748 enm
469 3695 512 3760 M,
530 3693 607 3763 ηρ,
621 3694 650 3746 iu
663 3709 688 3756 o,
700 3709 751 3747 eoo.
764 3693 822 3747 ΒΤ
888 3693 1155 3763 uiteeQmitaeM)
1226 3692 1260 3745 13
1271 3708 1361 3745 ereem
1375 3693 1409 3755 B,
1421 3708 1485 3744 arca

351 3780 493 3834 Pometiae
573 3780 607 3833 14
624 3780 674 3832 hoo
692 3795 744 3833 em.
763 3778 799 3832 Μ
814 3779 887 3848 (enh.
908 3779 941 3849 Q)
1020 3778 1052 3831 16
1069 3778 1156 3832 creuit
1175 3779 1200 3831 Τ
1274 3777 1307 3831 18
1324 3779 1450 3830 monton

350 3866 462 3921 cohereb
484 3867 509 3919 Τ
588 3865 621 3919 19
639 3864 685 3917 illi
703 3865 760 3919 ΒΤ
832 3865 952 3934 possidet
970 3864 997 3917 Τ
1074 3864 1207 3933 promisee
1224 3881 1245 3916 s.
1266 3862 1452 3917 hereditates

349 3950 384 4004 20
402 3952 480 4019 plnre
498 3967 549 4020 que
568 3950 599 4020 (l,
619 3950 696 4017 plura
713 3975 749 4004 u
766 3950 805 4002 M
891 3950 925 4002 21
943 3950 1024 4018 idem]
1043 3948 1123 4002 fidem
1142 3951 1167 4000 B
1257 3949 1292 4001 22
1309 3949 1382 4016 patri
1400 3964 1430 4013 e;
1448 3947 1486 4010 cf.

349 4041 410 4104 135,
429 4043 463 4092 16
592 4036 761 4104 derelinquid
781 4035 832 4106 QT
968 4033 1129 4104 derelinquid
1150 4035 1182 4105 Q,
1200 4036 1227 4088 et
1244 4032 1408 4102 derelinquit
1429 4034 1454 4086 Τ

349 4123 383 4177 23
400 4124 478 4177 deum
498 4124 522 4194 Q
539 4105 614 4190 (domm
634 4109 801 4188 11),me
913 4123 937 4175 ei
956 4122 1042 4191 terge]
1061 4123 1169 4190 integre
1186 4119 1214 4174 B
1328 4119 1486 4173 laniem...

348 4211 421 4266 idola
439 4214 466 4265 et
483 4228 534 4267 om.
554 4211 582 4264 B
