3720 4920
863 327 952 382 vita.
1434 345 1480 395 cv

334 482 425 563 quasi
447 482 570 548 sufficet
590 482 811 567 ignorantibus
833 483 1004 547 tacebatur.
1027 501 1101 548 sane
1122 485 1153 548 et
1168 483 1201 547 in
1221 483 1388 564 scripturis
1411 483 1476 548 tale

333 583 458 665 aliquid
478 583 613 650 inuenio.
638 603 711 650 nam
727 583 892 650 Zacharias
908 586 1049 669 sacerdos
1064 586 1216 668 promisso
1232 585 1294 650 sibi
1308 604 1364 669 per
1379 603 1475 671 auge-

333 687 401 751 lum
425 686 492 750 filio
518 688 592 769 quia
613 705 674 752 nou
696 687 872 753 crediderat
892 687 1061 772 obmutuit,
1087 687 1135 752 ita
1154 687 1191 752 ut
1209 688 1247 752 de
1267 686 1327 752 filii
1348 690 1475 754 nomine

332 788 507 870 scripturus
521 788 625 870 potius
642 807 738 872 quam
752 788 911 854 relaturus
927 791 1006 854 nutu
1021 789 1147 855 tabulas
1157 791 1342 873 postularet.
1358 791 1473 856 merito

310 891 366 956 set
379 889 441 969 hic,
468 890 523 955 ubi
538 890 598 955 Dei
624 891 756 985 nuntius
778 892 955 975 passionem
977 891 1129 958 antist'tis
1151 892 1369 959 imminentem
1392 894 1474 959 nutu

331 992 437 1074 potius
452 993 614 1075 expressit,
631 994 663 1059 et
676 994 773 1058 fidem
787 994 953 1059 admonuit
966 995 999 1084 et
1013 994 1204 1060 sacerdotem
1220 994 1367 1060 muniuit.
1391 995 1475 1061 dila·

330 1094 427 1161 tionis
449 1099 556 1161 autem
577 1097 730 1179 petendae
744 1097 828 1162 ratio
843 1096 881 1162 de
896 1097 1088 1162 ordinatione
1103 1114 1208 1161 rerum
1223 1099 1256 1162 et
1270 1097 1310 1161 de
1324 1096 1474 1162 uolunta·

330 1199 374 1265 tis
396 1199 599 1282 dispositione
622 1200 778 1265 ueniebat.
805 1219 884 1282 quae
906 1217 980 1265 uero
1003 1219 1051 1265 res
1073 1199 1123 1264 illi
1144 1200 1201 1264 aut
1222 1219 1302 1282 quae
1325 1200 1473 1265 uoluntas

330 1301 501 1367 ordinanda
515 1303 576 1367 nisi
591 1302 795 1368 ecclesiastici
810 1303 935 1367 status?
956 1320 1079 1366 summa
1094 1304 1221 1384 accepta
1235 1302 1345 1366 dilatio
1362 1303 1419 1380 est,
1435 1303 1474 1367 ut

294 1423 322 1465 rc
330 1402 484 1487 quidquid
498 1403 581 1469 circa
596 1423 770 1487 pauperum
784 1404 989 1469 fouendorum
1012 1422 1157 1487 suprema
1172 1403 1289 1469 iudicia
1304 1403 1472 1486 disponen-

330 1505 407 1570 dum
434 1507 537 1571 fuerat
565 1506 770 1572 ordinaretur.
808 1508 841 1571 et
869 1507 946 1589 puto
973 1510 1098 1589 propter
1125 1507 1208 1571 nihil
1237 1505 1335 1584 aliud,
1371 1506 1471 1572 immo

329 1625 403 1672 uero
418 1610 544 1690 propter
558 1609 617 1674 hoo
631 1611 759 1674 tantmn
775 1609 872 1674 etiam
887 1608 1087 1692 indulgentia
1100 1610 1140 1674 ab
1151 1609 1230 1691 ipsis
1244 1608 1299 1690 qui
1311 1607 1467 1674 eiecerant

329 1711 430 1791 etqui
452 1710 584 1775 occisuri
606 1713 705 1790 eraut,
726 1711 825 1775 missa
841 1715 899 1787 est,
921 1728 1015 1791 quam
1031 1713 1068 1775 ut
1082 1729 1226 1792 praesens
1243 1712 1276 1776 et
1290 1705 1469 1792 praesentes

328 1829 478 1893 pauperes
498 1812 687 1877 nouissimas
707 1812 950 1893 dispensationis
971 1812 1118 1878 extremis
1133 1814 1165 1877 et
1185 1814 1222 1877 ut
1236 1812 1360 1893 plenius
1381 1812 1470 1876 dixe-

292 1931 319 1971 rs
328 1911 389 1976 rim
411 1912 490 1978 totis
512 1913 692 1995 sumptibus
714 1913 920 1978 ministraret.
947 1913 1097 1979 ordinatis
1120 1929 1192 1996 ergo
1214 1914 1283 1977 tam
1305 1914 1356 1996 pie
1378 1913 1471 1978 rebus

329 2015 361 2079 et
375 2016 421 2080 sio
435 2015 599 2080 uoluntate
614 2015 768 2097 disposita
782 2015 981 2097 proximabat
997 2015 1062 2080 dies
1078 2017 1242 2080 crastinus.

370 2117 441 2184 Iam
466 2119 505 2183 de
529 2117 622 2184 Xisto
647 2116 727 2183 bono
753 2119 785 2182 et
807 2118 936 2201 pacifico
962 2119 1119 2184 secerdote
1145 2135 1181 2183 ac
1206 2119 1371 2200 propterea
1395 2117 1522 2189 bos-ll

328 2218 451 2284 tissime
466 2222 606 2302 martyre
621 2220 661 2285 ab
676 2220 753 2285 urbe
767 2220 898 2285 nuntius
913 2222 1050 2284 uenerat.
1067 2220 1249 2302 sperabatur
1263 2221 1328 2284 iam
1344 2219 1470 2301 iamque

328 2320 465 2385 carnifex
491 2321 628 2406 ueniens,
656 2321 710 2403 qui
737 2319 852 2386 deuota
878 2321 1092 2386 sanctissimae
1119 2320 1269 2386 uictimae
1291 2321 1373 2386 colla
1395 2340 1475 2405 per·¹

293 2424 465 2505 ¹recuteret:
496 2426 528 2488 et
554 2423 600 2488 sio
626 2425 716 2488 eraut
744 2442 852 2488 omnes
878 2423 944 2487 dies
970 2423 1019 2488 illi
1047 2423 1227 2505 quotidiana
1256 2423 1470 2505 expectatione

329 2521 493 2602 moriendi,
508 2526 545 2589 ut
557 2543 668 2591 corona
679 2526 817 2608 siugulis
828 2526 933 2607 posset
944 2526 1087 2590 adscribi.
1104 2525 1330 2591 conueniebaut
1340 2526 1472 2590 interim

329 2626 436 2707 plures
457 2627 576 2711 egregii
597 2630 629 2693 et
650 2627 818 2691 clarissimi
840 2627 958 2693 ordinis
980 2631 1012 2693 et
1033 2628 1205 2711 sanguinis,
1227 2629 1282 2694 sed
1302 2629 1334 2692 et
1354 2628 1472 2694 saeculi

331 2731 496 2795 nobilitate
509 2730 659 2815 generosi,
675 2731 730 2812 qui
742 2730 869 2816 propter
880 2730 1054 2796 amicitiam
1066 2731 1132 2796 eius
1143 2731 1306 2813 antiquam
1316 2749 1473 2797 secessum

331 2832 463 2899 subinde
477 2833 659 2898 suaderent:
675 2834 707 2897 et
719 2850 758 2897 ue
772 2851 885 2913 parum
900 2835 983 2897 esset
998 2832 1081 2896 unda
1095 2833 1232 2911 suadela,
1249 2834 1345 2899 etiam
1358 2834 1428 2900 loca
1438 2833 1472 2899 iu

344 3118 346 3122 Ι
385 3050 518 3104 lscilicet
530 3067 581 3105 osa.
593 3050 735 3115 o,licot1'
867 3053 960 3104 inam
972 3053 1001 3105 et
1011 3067 1044 3116 so,
1057 3067 1120 3106 uam
1131 3075 1171 3106 u·
1186 3054 1211 3103 Τ
1343 3053 1472 3121 angelum

333 3151 404 3190 corr.
416 3137 449 3190 ia
461 3135 632 3206 euangelium
647 3135 674 3188 Τ
683 3138 754 3204 (nona
767 3138 791 3199 t)
894 3135 957 3190 3de
969 3136 1020 3189 lilii
1032 3137 1138 3190 nomine
1153 3137 1184 3197 Τ,
1197 3136 1250 3190 filii
1263 3152 1360 3191 nomen
1371 3154 1435 3207 copo

333 3221 496 3289 4scripture
507 3239 532 3276 ro
654 3221 800 3291 relaturus]
814 3220 959 3275 relicturus
975 3221 1000 3276 T
1118 3221 1187 3276 sibi
1202 3222 1229 3277 Τ
1348 3222 1472 3293 nuntius]

333 3308 487 3375 nutritura
597 3307 743 3361 antestites
760 3310 791 3373 T,
803 3307 967 3361 autistitest
1080 3307 1227 3362 dmuuiuit
1238 3324 1289 3362 om.
1306 3309 1383 3378 Τιομ,
1396 3323 1473 3362 mou·

334 3394 435 3447 strauit
446 3393 539 3447 modim
674 3393 731 3446 'det
743 3392 785 3462 de]
799 3394 827 3446 et
843 3394 869 3447 Τ
999 3392 1272 3462 8dispositiouemT
1401 3392 1474 3462 uere]

334 3494 424 3532 nouso
557 3477 980 3548 9summa1supremsiocircoo
1112 3477 1209 3532 dilatio
1222 3477 1441 3546 estldilstiouot

336 3565 371 3619 10
379 3565 458 3636 ciros]
471 3567 559 3619 cetera
570 3581 596 3619 w
699 3563 884 3633 fouendorum]
898 3579 990 3618 curam
1002 3563 1068 3618 add.
1081 3580 1106 3628 o,
1117 3563 1325 3633 dispositionem
1336 3563 1402 3618 cdd.
1415 3579 1441 3617 w

336 3655 460 3718 supremo
473 3649 574 3704 iudicio
586 3666 649 3721 sepo
763 3650 797 3704 12
809 3666 872 3704 uere
887 3650 931 3717 Τμ
1041 3649 1126 3703 etiam
1136 3651 1246 3704 tantum
1257 3665 1282 3703 ro
1386 3646 1477 3703 indul·

336 3735 414 3805 genti
426 3736 453 3789 Τ
502 3736 607 3790 eieoaut
622 3738 729 3805 Neon
741 3737 765 3804 t)
827 3735 861 3788 13
872 3738 900 3788 et
911 3735 959 3802 qui
970 3734 1085 3789 occisuri
1097 3737 1175 3789 erant
1186 3751 1237 3789 cm.
1253 3735 1286 3799 T,
1298 3737 1326 3788 et
1338 3733 1386 3803 qui
1399 3736 1477 3788 eraut

336 3823 440 3875 occursi
451 3838 496 3888 sep
578 3820 727 3878 admissae
810 3836 890 3889 qnam
902 3836 982 3874 om.e
1064 3822 1092 3875 et
1103 3836 1154 3874 cca
1167 3837 1213 3890 sep
1301 3821 1336 3874 lb
1347 3820 1443 3874 uotist

337 3906 492 3960 ministrare
505 3906 712 3972 1¹,relsuaretc
789 3905 823 3959 16
835 3909 864 3959 et
875 3922 924 3959 orn.
938 3922 983 3973 ιομ
1059 3919 1107 3975 pro
1120 3904 1262 3960 uoluntate
1274 3903 1444 3974 dispositiso
1478 3950 1481 3956 .

339 3993 372 4046 17
384 3994 461 4061 xysto
473 4009 518 4063 po,
530 3993 632 4048 uotosc
702 3993 736 4048 18
748 3993 783 4047 ab
796 3992 862 4046 urbe
874 4008 925 4047 orn.
938 4008 963 4045 w
1032 3989 1445 4062 sperabatur1expectabsturw

338 4078 394 4132 iam
405 4095 456 4134 om.
470 4096 516 4148 ιυμ
602 4080 636 4135 19
648 4078 816 4134 sanctissimi
829 4094 875 4146 cop
957 4077 1086 4131 uictimae
1098 4093 1148 4132 oca
1164 4077 1233 4145 Twp
1314 4076 1348 4129 21
1360 4074 1480 4144 siugulis

339 4163 428 4231 possit
441 4164 471 4228 Τ,
484 4167 577 4233 posset
589 4164 737 4234 singulius
821 4162 1032 4231 menesimip
1113 4161 1211 4232 sedet]
1226 4160 1273 4215 ssd
1286 4165 1306 4225 t,
1319 4158 1446 4214 sedutso

338 4248 450 4318 asculi]
463 4250 607 4303 saecularis
622 4251 650 4306 Y
759 4248 794 4302 23
806 4248 951 4302 nouilitate
963 4249 990 4303 Τ
1102 4247 1138 4301 24
1149 4249 1177 4301 et
1188 4262 1222 4301 ne
1234 4261 1330 4316 parum
1344 4245 1425 4316 esset]
1438 4261 1481 4300 me

340 4336 474 4402 paruisset
488 4334 515 4389 Τ
617 4333 738 4390 suadella
751 4339 792 4405 μ’,
805 4333 958 4390 suadebant
972 4335 999 4390 T
1100 4336 1129 4388 et
1140 4333 1255 4402 etiamp
