3720 4920
370 339 412 402 72
608 380 611 387 .
845 336 1037 407 Appendix.

368 497 561 572 apostolorum
583 493 752 554 confirmans
772 496 965 568 praecepit
991 495 1045 554 eis
1073 497 1115 555 ab
1138 497 1408 572 Hierosolymis
1435 516 1506 559 non

368 601 571 670 discedere,
602 597 665 657 sod
690 601 908 671 exspectare
939 599 1043 658 illam
1069 600 1352 674 promissionem
1378 601 1505 673 patris

367 719 471 777 quam
500 700 661 760 audistis
687 716 704 756 a
729 716 797 775 me,
827 699 915 773 quia
940 701 1097 759 Ioannes
1128 702 1270 774 quidem
1296 701 1515 775 baptizanit

368 820 469 877 aqua,
492 818 555 860 uos
576 804 695 860 antem
714 800 1002 874 baptizabimini
1023 802 1163 874 spiritu
1184 806 1314 862 saneto
1335 821 1406 862 non
1426 806 1511 878 post

369 905 504 965 multos
526 904 589 963 hos
612 904 702 962 dies.
733 902 858 977 itemque
879 903 984 963 Petrus
1011 906 1109 964 eadem
1136 905 1224 964 uerba
1249 904 1362 965 Domini
1383 921 1530 979 persen-s

369 1008 438 1077 suit,
469 1006 608 1066 rationem
634 1023 684 1080 pro
710 1022 741 1065 se
767 1007 843 1078 apud
868 1005 1015 1078 apostolos
1039 1008 1161 1066 reddens
1188 1007 1319 1066 dicendo:
1347 1024 1423 1066 eum
1449 1024 1504 1067 an·

369 1111 438 1168 tem
459 1109 659 1181 inciperem
679 1108 780 1181 loqui
802 1124 877 1183 ego,
899 1108 1015 1167 irruit
1034 1109 1194 1182 spiritus
1217 1113 1369 1169 sanetus
1393 1126 1505 1183 super

370 1226 440 1282 eos,
466 1210 566 1270 sieut
587 1212 622 1268 et
642 1227 754 1284 super
775 1226 839 1269 nos
859 1210 896 1268 in
917 1210 1118 1284 principio,
1141 1213 1177 1269 et
1198 1211 1412 1271 reeordatus
1432 1229 1509 1270 snm

369 1330 568 1374 sermonem
588 1311 732 1372 Domini
757 1312 855 1372 siout
881 1312 1046 1372 dicebat:
1073 1313 1239 1376 Ioannes*
1256 1313 1403 1387 quidem
1422 1314 1507 1388 bap·

369 1416 508 1476 tizanit
537 1432 638 1489 aqua,
667 1431 730 1474 uos
755 1417 877 1473 autem
897 1415 1181 1488 baptizabimini
1202 1417 1342 1488 spiritu
1363 1419 1541 1475 sanctem

370 1517 403 1577 si
425 1534 511 1590 ergo
532 1516 687 1589 aequale
708 1515 836 1574 donum
856 1516 958 1574 dedit
981 1516 1035 1574 eis
1057 1516 1159 1575 sient
1179 1519 1214 1575 et
1236 1517 1342 1575 nobis
1362 1516 1511 1574 ereden-

370 1619 471 1678 tibus
499 1618 686 1677 Dominum
718 1618 838 1676 Iesum
868 1616 1071 1689 Christum,
1103 1634 1167 1691 ego
1199 1619 1281 1691 quis
1318 1635 1412 1677 eram
1441 1616 1507 1691 qni

370 1737 512 1794 possem
533 1718 729 1795 probibere
750 1719 925 1778 Domino?
948 1723 977 1778 et
992 1719 1110 1777 iterum:
1127 1719 1199 1778 uiri
1222 1720 1371 1789 fratros,
1394 1717 1512 1778 soitis

370 1822 457 1897 quia
485 1841 503 1882 a
531 1823 662 1881 diebus
692 1821 862 1895 antiquis
893 1822 927 1880 in
957 1822 1063 1881 nobis
1094 1821 1189 1880 Deus
1224 1820 1340 1894 elegit
1374 1836 1439 1893 per
1467 1836 1509 1879 os

371 1941 482 2008 meum
512 1925 637 1983 audire
667 1928 800 1998 gentes
831 1924 977 1984 uerbum
1006 1923 1193 1997 euangelii
1224 1928 1259 1982 et
1294 1923 1443 1981 erodere
1473 1925 1548 1982 etse

370 2028 431 2100 qui
458 2028 567 2086 eorda
592 2027 693 2086 nouit
715 2027 809 2085 Deus
837 2026 1095 2084 testimonium
1121 2024 1318 2099 perhibuit
1344 2024 1434 2082 dans
1456 2023 1514 2082 sis

372 2128 548 2201 spiritum
585 2132 754 2187 sanetum
796 2129 894 2188 sient
928 2132 964 2186 et
1003 2127 1122 2186 nobis.
1164 2143 1198 2185 ao
1238 2128 1389 2199 propterea
1424 2124 1511 2184 buius

371 2230 530 2289 sententiae
545 2246 617 2303 quoe
633 2231 673 2289 sit
690 2230 732 2289 uis
747 2233 777 2289 et
792 2232 920 2303 potestas
935 2229 1114 2288 considerare
1130 2227 1274 2286 debemus.
1299 2227 1341 2284 ait
1355 2226 1432 2285 enim
1448 2227 1506 2285 Do·

371 2332 466 2391 minus
481 2331 523 2389 eis
547 2332 595 2405 qni
616 2333 796 2404 postmodum
817 2330 956 2404 baptizari
972 2329 1121 2400 haberent,
1144 2329 1211 2401 quia
1226 2329 1384 2397 crederent,
1400 2327 1495 2400 bspti-

373 2435 479 2491 sandos
494 2448 566 2504 esse,
588 2449 644 2491 non
659 2433 894 2507 quemadmodum
910 2448 927 2490 a
942 2448 972 2489 se
988 2430 1018 2488 in
1040 2448 1114 2503 aqua
1129 2430 1159 2487 in
1174 2429 1389 2502 paenitentiam,
1406 2429 1457 2490 sed
1473 2429 1504 2487 in
1517 2449 1544 2490 so

373 2534 478 2606 spiritu
493 2537 600 2594 saneto.
623 2536 656 2593 de
673 2552 730 2607 qna
744 2532 955 2607 praedieatione
971 2550 1036 2592 enm
1056 2532 1153 2604 utique
1169 2547 1251 2590 nemo
1265 2535 1394 2590 nostruin
1409 2531 1503 2605 possit

372 2636 533 2709 ambigere,
559 2635 742 2694 manifestum
769 2640 815 2693 est
839 2652 897 2709 qua
922 2635 1032 2694 ratione
1059 2635 1187 2692 hominos
1212 2634 1242 2691 in
1268 2633 1371 2706 spiritu
1400 2637 1500 2694 saneto

373 2735 511 2810 baptisati
531 2738 599 2796 sint.
627 2752 693 2794 nam
713 2740 744 2794 et
764 2736 878 2808 propris
900 2736 930 2793 in
951 2736 1012 2807 ipso
1036 2735 1096 2793 solo
1117 2737 1215 2793 saneto
1236 2734 1340 2806 spiritu
1361 2732 1503 2805 baptizati

372 2841 441 2899 sunt
461 2839 510 2912 qui
531 2838 722 2908 erediderunt,
743 2838 811 2912 quia
831 2838 955 2897 Ioannes
977 2838 1113 2897 disereuit
1134 2842 1162 2897 et
1183 2839 1256 2896 dixit
1271 2838 1367 2897 dioens
1382 2853 1414 2895 so
1429 2835 1495 2911 qni·

373 2940 439 2998 dom
453 2939 483 2997 in
498 2957 573 3013 aqua
588 2938 741 3013 baptizare,
756 2940 910 2998 uenturum
925 2942 1019 2998 autern
1036 2939 1086 3013 qui
1101 2940 1131 2998 in
1142 2939 1246 3013 spiritu
1258 2943 1355 2999 saneto
1368 2939 1505 3012 baptizat.
1515 2958 1540 2999 ss

374 3042 470 3115 gratia
490 3045 519 3099 et
534 3041 641 3101 uirtute
661 3040 715 3099 Dei
729 3043 827 3111 sunt†
842 3044 873 3099 et
892 3042 947 3101 hoo
968 3045 997 3101 et
1018 3041 1131 3102 oseulta
1155 3042 1295 3114 largiente
1310 3044 1339 3100 et
1354 3042 1503 3114 operante,

374 3142 561 3202 nihilominus
582 3145 677 3202 autem
698 3143 786 3201 etiam
801 3141 831 3199 in
853 3143 1024 3215 baptismate
1046 3141 1166 3214 spiritus
1187 3145 1217 3201 et
1232 3158 1332 3215 aquae,
1354 3145 1504 3215 praeterea

375 3244 463 3302 etiam
478 3245 509 3303 in
522 3243 694 3318 baptismate
711 3244 831 3318 spiritns
847 3246 877 3304 in
892 3244 1031 3319 sanguine
1046 3243 1160 3318 proprio
1175 3244 1407 3317 uniuscuiusque,
1430 3243 1506 3304 sient

376 3345 524 3406 deolsmnt
548 3345 631 3405 nobis
656 3350 772 3406 sanetae
799 3347 975 3421 scripturae,
1007 3364 1127 3421 quarum
1152 3363 1204 3422 per
1230 3347 1345 3421 singula
1375 3363 1504 3421 quaeque

374 3465 558 3522 eorumquae
574 3448 770 3507 enarrabimus
785 3449 946 3508 adferemus
961 3451 1126 3522 perspicuas
1142 3449 1332 3522 probationes.
1526 3470 1553 3510 se

348 3538 367 3595 3
419 3552 464 3610 Ad
487 3568 559 3626 quae
582 3550 656 3611 forte
672 3553 713 3622 tn,
737 3550 913 3624 quinorum
936 3550 1005 3624 qnid
1025 3550 1146 3623 inducis,
1174 3551 1307 3610 continno
1322 3551 1507 3624 impatienter

375 3654 549 3727 respondeas
578 3655 611 3712 ut
639 3653 714 3712 soles
743 3653 849 3712 dixisse
879 3653 909 3710 in
939 3653 1089 3727 euangelio
1120 3653 1288 3711 Dominum:
1327 3653 1401 3712 nisi
1431 3653 1516 3727 quis

375 3756 491 3814 denuo
527 3758 632 3815 natos
668 3755 786 3814 fuerit
816 3772 857 3814 ex
894 3772 987 3828 aqua
1016 3759 1051 3814 st
1080 3756 1235 3829 spiritu,
1273 3772 1341 3814 non
1381 3759 1510 3831 potest

376 3856 536 3917 introire
561 3859 596 3916 in
620 3873 767 3929 regnum
791 3859 986 3917 caelorum.
1019 3876 1053 3918 ex
1076 3876 1131 3931 quo
1154 3859 1303 3917 manifeste
1325 3861 1446 3932 appsret
1466 3859 1512 3918 illi

448 4125 462 4177 1
482 4125 540 4178 scs.
560 4125 585 4190 1,
602 4124 628 4177 4.
646 4123 672 4180 s.
820 4125 914 4179 ese.
934 4126 974 4188 11,
994 4123 1104 4177 15-17.
1249 4124 1282 4177 13
1299 4125 1358 4178 ms.
1380 4125 1420 4191 15,
1439 4125 1463 4189 r,
1482 4125 1508 4179 e.

386 4194 656 4274 omaso*
1073 4209 1076 4216 ·
