3720 4920
399 380 443 445 50
875 374 1061 446 Appendir.

400 534 550 594 animam
583 552 701 608 suam,
736 534 770 593 in
799 534 924 593 tuturo
951 533 1087 605 perdet
1113 530 1233 590 illum:
1254 529 1314 605 qui
1347 532 1468 588 sutem
1496 527 1532 586 in

399 635 545 697 saeculo
569 636 688 696 oderit
710 635 813 695 illam
835 636 873 694 in
895 635 1022 693 future
1045 632 1218 693 inueniet
1240 648 1322 691 eum.
1346 632 1397 690 sed
1417 632 1532 705 etspe-

399 737 491 799 stolus
510 735 627 811 Paulus,
654 737 878 810 imitatores,
905 736 1008 810 inquit,
1037 735 1103 796 mei
1125 737 1259 806 estete,
1286 733 1382 793 sicut
1405 735 1442 791 et
1467 747 1532 806 ego

400 841 549 899 christi.
573 842 602 899 et
621 841 692 899 alibi
713 837 790 913 ipse,
810 839 894 900 nolu
914 858 993 912 uos,
1014 839 1071 910 eit,
1093 854 1212 898 omnes
1232 837 1265 897 si
1286 835 1377 896 fieri
1397 836 1532 909 petest,

400 941 612 999 imitatores
633 958 727 999 meos
750 957 840 999 esse.
1541 949 1553 989 ὓ

348 1042 388 1102 29
439 1042 519 1100 Dixit
540 1044 593 1102 hcc
616 1043 665 1101 iile
688 1043 737 1117 qui
763 1059 865 1115 pessus
885 1046 930 1102 est
951 1045 980 1102 et
1001 1042 1069 1117 quie
1083 1043 1121 1101 cd
1135 1043 1188 1101 hee
1211 1057 1313 1114 pessus
1327 1042 1372 1099 est
1388 1041 1421 1097 ut
1434 1038 1532 1097 imitu-

399 1145 477 1203 retur
492 1143 592 1216 Deum,
608 1142 706 1216 utique
721 1145 750 1202 et
765 1160 816 1201 nos
831 1144 868 1202 sd
883 1145 937 1203 bec
951 1143 1043 1204 uoluit
1057 1141 1119 1216 pati
1134 1145 1167 1201 ut
1181 1159 1231 1215 per
1247 1141 1339 1215 ipsum
1355 1140 1533 1199 imitaremur

399 1244 554 1303 Christum.
577 1244 602 1302 si
624 1244 716 1303 iustus
731 1261 761 1302 es
777 1247 806 1303 et
820 1244 879 1304 Deo
900 1245 1002 1316 credis,
1026 1245 1094 1318 quid
1110 1263 1160 1319 pro
1175 1262 1207 1304 ee
1229 1243 1348 1303 fundere
1363 1240 1532 1316 sanguinem

398 1346 502 1406 metuis
516 1364 599 1420 quem
614 1363 664 1420 pro
679 1349 708 1406 te
723 1347 830 1406 totiens
843 1363 959 1419 pessum
974 1364 1036 1407 esee
1051 1346 1219 1420 cognoscis?
1235 1348 1265 1404 in
1279 1345 1366 1404 Funis
1380 1347 1485 1416 sectus,
1501 1343 1532 1402 in

397 1447 470 1505 Abel
491 1448 616 1517 occisus,
637 1448 667 1504 in
688 1447 771 1506 Issus
791 1447 970 1520 immolatus,
991 1449 1020 1507 iu
1036 1449 1139 1522 Ioseph
1155 1449 1351 1518 renundatus,
1372 1445 1568 1504 inhominem

397 1548 547 1607 crucifixus
559 1551 619 1607 cet:
635 1550 664 1607 st
677 1549 712 1607 de
723 1549 826 1608 ceteris
837 1548 952 1623 quidem
963 1552 1054 1622 taceo,
1069 1567 1142 1623 quse
1157 1567 1210 1609 nec
1223 1548 1313 1607 brutio
1327 1549 1424 1621 potest
1438 1546 1532 1606 dicere

396 1649 583 1709 necabimus
609 1648 760 1709 sustinere.
789 1649 914 1709 uincitur·
939 1650 1122 1710 conscientis'
1136 1649 1310 1709 humilitatis
1338 1648 1465 1722 exemplo
1502 1651 1532 1708 et

396 1751 509 1824 quando
530 1751 692 1811 considerat
717 1768 788 1824 quse
811 1752 878 1810 dum
900 1755 1047 1826 pateretur
1068 1751 1239 1822 acciderint,
1272 1752 1392 1809 miretur
1414 1766 1531 1824 pessum

398 1855 514 1925 propter
539 1869 621 1926 quem
647 1856 749 1911 cuncta
774 1853 956 1925 trepidarint.
980 1853 1040 1912 dies
1061 1853 1138 1926 fugit
1159 1853 1188 1910 in
1209 1856 1329 1923 nectem,
1354 1851 1532 1911 intenebris

398 1954 446 2012 lux
462 1954 564 2014 cuncte
578 1955 719 2014 concessit
732 1956 824 2029 adque
844 1954 980 2015 inclinate
995 1972 1047 2029 per
1067 1954 1194 2015 alternes
1208 1954 1286 2014 uices
1300 1954 1423 2028 pondere
1439 1952 1532 2014 omnis
1541 1968 1566 2010 ue

397 2056 485 2114 tellus
506 2060 645 2115 commota
666 2057 802 2128 dissiluit,
823 2058 933 2116 turbati
953 2073 1063 2129 munes,
1085 2059 1267 2117 monuments
1288 2058 1397 2114 nuduts
1419 2057 1532 2114 suntet

397 2157 557 2229 sepulchris
572 2158 602 2215 in
625 2158 737 2217 hiatum
760 2159 973 2219 dehiscentibus
989 2163 1081 2218 terres
1104 2159 1215 2218 redditu
1240 2159 1298 2218 luci
1313 2174 1430 2232 corpora
1444 2157 1531 2217 resti·

397 2262 504 2330 terunt,
520 2261 597 2319 fluxu
612 2261 761 2333 sanguinis
774 2262 897 2319 mundus
912 2261 1070 2332 intremuit,
1086 2261 1176 2320 scissa
1187 2279 1258 2334 quse
1269 2260 1378 2320 foribus
1389 2260 1531 2333 depende-

397 2360 468 2418 bant
487 2361 563 2432 ursis,
585 2360 724 2435 templum
745 2379 826 2421 omne
847 2363 959 2436 mugiit.
984 2364 1057 2422 unde
1072 2379 1206 2435 magnum
1222 2363 1267 2421 eet
1281 2360 1388 2420 imitari
1403 2377 1467 2420 enm
1482 2359 1531 2433 qui

499 2531 730 2597 3lcor,11,1.
833 2534 1049 2601 elocuta.

468 2699 585 2769 lperdit
596 2698 630 2754 δ’
699 2700 780 2755 thoe
793 2702 927 2758 seeculoc
995 2703 1084 2756 stom
1101 2700 1153 2773 QT
1214 2702 1337 2772 dpuulus
1349 2701 1436 2756 orne
1503 2701 1532 2754 et

396 2784 455 2853 ego]
468 2783 552 2854 cgeS
611 2784 760 2853 4ipseonu
774 2785 814 2855 Qu
872 2785 913 2840 eit
925 2802 975 2841 om.
990 2786 1057 2856 QTe
1125 2787 1248 2842 sicuti*
1313 2786 1371 2841 fleri
1381 2786 1500 2842 cm.LT

396 2872 453 2923 det
464 2869 563 2937 quies.
577 2869 602 2922 h.
616 2885 641 2938 p.
655 2872 697 2923 est
709 2885 761 2924 em.
772 2870 827 2925 NS
894 2871 967 2941 quie]
980 2872 1057 2941 quie
1126 2872 1291 2926 ‘ldorninum
1304 2872 1355 2927 S²u
1424 2871 1458 2925 ud
1470 2869 1529 2939 bec]

395 2968 477 3005 unos
494 2953 519 3008 S
534 2969 597 3021 exp.
753 2954 771 3008 8
789 2971 817 3008 ee
836 2956 873 3023 et]
893 2959 935 3010 est
952 2955 979 3009 L
1127 2956 1217 3011 credes
1235 2956 1325 3027 LNQ,
1343 2957 1451 3011 credens
1473 2959 1500 3009 Τ

396 3037 461 3104 quid
479 3054 514 3091 ec
532 3039 597 3105 quis
618 3039 649 3107 Q,
668 3039 732 3106 quie
743 3039 810 3093 MT
876 3041 1034 3109 sanguinem
1051 3039 1163 3095 fundere
1179 3042 1243 3111 Qib
1311 3046 1327 3097 9
1344 3046 1448 3096 metues
1461 3041 1494 3096 8¹

394 3137 489 3191 pessus
504 3122 528 3192 Q
672 3139 814 3193 cognosces
831 3123 950 3194 LQS¹T
1095 3126 1197 3180 omium
1214 3126 1301 3197 LQT,
1319 3127 1419 3182 eeeiem
1431 3125 1495 3182 NS·

396 3207 430 3261 10
446 3208 538 3263 isthec
556 3211 593 3274 N,
611 3210 695 3265 istinc
712 3211 749 3264 Μ
765 3210 849 3278 (issue
868 3211 904 3280 Q)
1010 3212 1084 3281 iesep
1096 3213 1157 3282 LQ,
1175 3213 1243 3268 iceef
1254 3214 1288 3269 8¹
1390 3213 1529 3268 hominem

394 3291 508 3362 LNQT
676 3294 709 3347 11
726 3293 829 3348 discere
850 3295 873 3365 Q
1051 3297 1085 3350 13
1111 3295 1262 3366 quench,
1290 3301 1390 3366 quanto
1409 3297 1529 3368 LNQT,

394 3379 530 3445 quantae
702 3379 851 3434 consideret
872 3378 896 3450 Q
1072 3383 1178 3450 peteret
1200 3384 1231 3435 ut
1258 3383 1294 3445 Τ,
1316 3386 1393 3451 puter
1417 3386 1449 3437 ut
1472 3382 1496 3453 Q

394 3462 509 3516 miratus
530 3462 582 3532 QT
735 3464 769 3518 14
785 3465 951 3534 trepidarent
968 3466 992 3521 S
1156 3466 1289 3520 innoctcm
1308 3483 1343 3521 ιω
1360 3469 1528 3522 innocentem

396 3545 420 3616 Q
441 3546 482 3615 (in
499 3551 602 3602 noctem
620 3549 667 3618 Μ)
846 3550 969 3604 tenebras
988 3550 1038 3606 δίο
1212 3552 1245 3605 lb
1271 3568 1322 3605 non
1340 3553 1423 3606 cessit
1444 3552 1497 3623 QT

395 3631 496 3686 incline
513 3636 578 3688 nete
599 3632 625 3686 T
761 3634 796 3689 16
812 3634 896 3689 tellus
914 3636 1007 3700 DNS,
1026 3637 1099 3690 terre
1119 3633 1186 3706 QTe
1322 3635 1452 3692 dissoluit
1471 3641 1497 3693 Τ

394 3718 525 3771 turbatim
544 3718 587 3783 δ’,
603 3721 649 3772 tur
662 3718 735 3773 beuti
754 3718 778 3789 Q
927 3721 1039 3789 nudate]
1058 3720 1186 3776 dissoluit
1203 3721 1307 3775 turbuti
1324 3738 1416 3776 munes
1433 3739 1529 3778 monu-

393 3804 485 3857 ments
508 3805 533 3856 Τ
634 3802 850 3874 lentiscum]
869 3804 1042 3859 deinitietum
1063 3805 1120 3874 QT,
1139 3806 1245 3861 hittun
1348 3807 1528 3863 deiecentibus

394 3888 423 3949 S,
441 3887 623 3942 descientibus
642 3887 728 3958 LQT,
747 3887 969 3944 descendentibus
987 3891 1017 3942 N
1215 3890 1327 3959 reddite]
1346 3891 1528 3947 descientibue

393 3973 458 4027 edd.
480 3974 505 4029 Τ
640 3974 823 4028 restituenmt
838 3992 864 4039 e,
890 3975 1070 4030 constiterunt
1092 3976 1195 4042 Oeen,
1217 3977 1391 4031 reertiteruut
1407 3978 1472 4043 sort.
1491 3979 1528 4047 cs.

394 4059 505 4113 Rdescb
518 4074 549 4127 p.
568 4061 624 4113 212
728 4060 762 4114 18
778 4059 865 4114 fluxus
888 4059 940 4129 QT
1041 4061 1236 4116 scissis-uelis
1258 4062 1346 4118 Oxos.
1459 4065 1528 4120 teri·

393 4144 444 4198 bus
462 4144 495 4200 N
604 4143 757 4213 pendebunt
774 4145 808 4200 N
919 4145 954 4199 19
971 4147 1061 4200 uelum
1079 4146 1175 4215 templi
1197 4146 1221 4216 Q
1334 4149 1422 4216 mugit
1442 4149 1497 4218 QT

394 4228 464 4282 nude
481 4247 517 4283 ur,
535 4246 558 4284 e.
577 4230 595 4283 i.
614 4245 675 4283 eum
694 4247 745 4285 orn.
764 4229 904 4301 Luper,
921 4231 987 4285 add.
1010 4231 1097 4287 Oxos.
