3720 4920
359 399 424 463 274
831 399 1013 469 appendia

359 557 459 628 uolo,
490 557 599 631 inquit,
634 559 675 618 de
704 557 873 617 manibus
896 558 1037 617 uestris
1066 557 1277 630 sacrificia,
1311 557 1488 630 quianon

358 661 525 719 uenistis
548 663 591 720 ad
613 679 664 722 me
686 680 761 722 cum
776 663 901 722 hostia
920 661 1060 723 munda.
1084 660 1133 735 qui
1148 661 1248 735 ntique
1263 660 1388 720 hostiam
1404 677 1488 719 mun-

359 761 424 819 dam
439 779 496 820 non
511 763 607 834 odert,
623 763 721 822 hostia
735 764 770 823 de
786 765 917 823 manibus
932 765 995 823 eius
1010 780 1066 822 non
1081 763 1219 823 ascendit.
1242 780 1308 822 nam
1323 763 1429 822 iterum
1443 763 1486 821 le·

358 861 468 936 gimus:
500 863 535 922 iu
568 864 755 938 principio
777 869 858 925 erat
878 866 1030 924 uerbum
1058 867 1094 925 et
1116 865 1265 924 uerbum
1292 867 1374 924 erat
1394 865 1489 939 apud

357 965 467 1025 Deum
490 969 524 1025 et
542 967 635 1026 Dens
657 969 735 1026 erat
757 969 915 1027 uerbum.
932 966 1509 1041 quiperuerbnmfinotionemdnxerinta

357 1068 424 1127 dare
439 1085 486 1126 res
502 1069 707 1128 inhabitabiles
720 1071 796 1143 apud
808 1070 875 1128 illos
887 1087 938 1128 seu
953 1087 1037 1129 ueras
1053 1070 1213 1143 scripturas
1227 1072 1342 1129 sanctm
1370 1086 1421 1129 seu
1431 1069 1488 1128 dn·

356 1173 419 1230 ctae
435 1171 484 1243 qui
499 1172 550 1229 dat
561 1188 658 1231 uocem
667 1173 697 1230 et
711 1172 761 1245 qui
776 1174 827 1230 dat
841 1173 984 1231 desideria
998 1173 1135 1245 proxima,
1151 1172 1201 1244 qui
1213 1172 1312 1245 ntique
1324 1171 1415 1245 finget
1425 1174 1487 1230 tra·

355 1274 420 1332 dere
436 1274 583 1346 supplebit
597 1274 790 1332 traditionem.
807 1274 909 1333 merito
925 1276 1063 1347 negantes
1086 1275 1218 1334 uolumus
1240 1274 1357 1333 interim
1371 1273 1486 1333 ueniam

355 1373 460 1432 babere
483 1374 650 1434 confitentes
666 1376 772 1448 patres.
796 1392 864 1434 nam
891 1376 940 1449 qui
970 1375 1040 1435 dicit
1067 1393 1099 1436 se
1114 1376 1273 1449 scripturas
1288 1393 1345 1436 non
1368 1377 1485 1447 babere,

354 1475 454 1549 ntique
468 1479 587 1548 paratus
601 1476 658 1535 duit
673 1480 703 1535 et
718 1479 855 1551 torqueri,
873 1495 991 1552 quorum
1007 1479 1141 1552 exempla
1157 1479 1306 1538 habemus.
1330 1479 1417 1538 tertio
1432 1495 1484 1537 ne·
1495 1497 1522 1536 io

355 1583 506 1652 generunt,
531 1582 561 1640 et
576 1583 788 1640 sacramentum
816 1598 873 1640 non
888 1581 1079 1641 tradiderunt.
1104 1582 1135 1640 bi
1150 1585 1245 1641 autem
1261 1581 1311 1656 qui
1326 1599 1379 1641 nec
1394 1581 1485 1640 intor-

324 1732 325 1735 ,
355 1681 450 1753 rogati
462 1681 629 1740 obtulerunt
642 1683 757 1741 interim
781 1701 872 1756 usqne
899 1685 936 1742 ad
952 1688 1060 1743 statum
1084 1685 1197 1744 consilii
1211 1685 1278 1744 laici
1294 1685 1484 1743 communica-

355 1782 437 1841 bunt.
454 1786 649 1843 uemmtamen
664 1785 695 1843 in
711 1789 819 1845 statum
831 1786 943 1845 consilii
956 1787 1032 1860 quod
1044 1787 1187 1858 scriptura
1199 1789 1299 1846 sancta
1310 1786 1485 1858 promouorit

355 1886 511 1943 secundum
527 1888 698 1946 sententiam
713 1888 799 1947 fixam
814 1889 922 1947 sanctis
949 1890 979 1946 et
1005 1888 1107 1947 amicis
1121 1888 1175 1946 Ilei
1198 1888 1327 1960 suppleri
1342 1888 1483 1958 uolumus,

356 2003 421 2044 cum
435 1987 493 2046 iam
507 1989 597 2047 testes
612 1992 642 2046 et
657 1989 778 2062 proximi
795 1989 905 2063 aliquid
919 1990 977 2048 iam
992 1989 1098 2047 dudum
1114 1991 1276 2047 statuerant
1291 1988 1383 2047 nostri
1399 1992 1518 2049 ante-1⁵

356 2106 494 2149 cessores.
517 2091 553 2149 ob
569 2108 654 2164 quam
670 2109 729 2150 rem
744 2109 859 2151 necesse
881 2095 926 2150 est
948 2108 999 2149 nos
1013 2091 1138 2150 testibus
1153 2091 1313 2150 consentire
1335 2090 1485 2164 complecti

356 2195 386 2250 ot
401 2194 544 2266 supplere.
575 2196 642 2266 opto
665 2211 717 2252 uos
738 2195 768 2251 in
792 2193 913 2253 Domino
936 2210 1048 2266 semper
1069 2195 1141 2251 bene
1163 2192 1270 2251 ualere.
1300 2208 1393 2252 amen.
1424 2193 1485 2253 Duo

355 2294 475 2367 gratias.

354 2522 426 2582 1111.
458 2524 671 2584 CYPRIANVS
701 2524 917 2584 BENEDIOTO
946 2524 995 2581 ΕΤ
1022 2523 1284 2583 DILBO'I'ISSIMO
1315 2524 1484 2583 paudum

498 2634 661 2694 TVRASIO
683 2636 726 2692 IN
747 2634 896 2693 DOMINO
918 2634 1131 2693 numadum
1153 2634 1337 2693 SALVTEM.
1493 2658 1520 2698 ao

397 2819 534 2878 caritatis
549 2823 616 2879 tuae
632 2821 739 2895 scripta
753 2821 883 2894 percepi,
910 2821 1014 2895 quibus
1034 2821 1159 2879 animum
1181 2824 1262 2879 tuum
1283 2821 1380 2879 dolore
1405 2837 1483 2880 com-

354 2923 462 2979 motum
476 2922 511 2979 de
525 2921 601 2980 tiliae
617 2923 786 2982 dormitione
802 2924 932 2997 cognoui.
955 2940 1011 2982 non
1026 2923 1105 2981 aliud
1116 2922 1314 2996 principaliter
1326 2922 1483 2980 admiratus

353 3040 417 3082 sum
433 3041 517 3099 quam
533 3025 684 3085 christiani
698 3026 823 3099 pectoris
848 3027 879 3085 in
906 3028 936 3084 te
951 3025 1087 3085 iactatam
1109 3025 1198 3085 fuisse
1223 3024 1359 3084 uirtutem
1374 3027 1408 3083 nt
1422 3024 1483 3083 ani-

354 3142 432 3184 mum
445 3126 559 3185 flexeris
574 3128 611 3185 ad
627 3127 761 3186 dolorem.
792 3131 894 3201 stupeo
909 3145 1020 3186 mnmm
1036 3127 1102 3185 fidei
1117 3129 1299 3200 penetratum
1314 3127 1482 3185 uulneribus

423 3327 438 3376 1
456 3324 491 3377 ci.
509 3324 553 3376 Ee.
572 3326 596 3388 1,
616 3324 660 3381 13.
763 3326 781 3379 4
799 3326 838 3378 Io.
858 3326 882 3390 1,
902 3328 925 3379 1.

420 3510 463 3564 Ad
481 3510 586 3579 plebem
604 3510 758 3581 cartaginis
776 3512 887 3581 explicit
904 3513 937 3566 Z.
956 3543 990 3552 -

421 3596 524 3665 Incipit
541 3596 575 3650 ad
599 3597 740 3651 Turasium
763 3598 947 3667 presbyterum
966 3598 999 3664 Z,
1017 3597 1059 3652 Ad
1077 3598 1234 3651 'l'urassium
1258 3595 1435 3650 curisolatoria
1452 3615 1481 3662 μ,

351 3696 401 3735 cut.
421 3698 445 3744 r,
463 3681 505 3735 nd
522 3682 665 3735 Turasium
693 3698 770 3750 snper
788 3687 873 3736 morte
894 3684 968 3737 filiae
985 3699 1049 3737 suae
1067 3683 1328 3737 consolatoriae:
1340 3682 1480 3750 Hierony·

350 3781 411 3819 mtto
429 3771 490 3819 tom.
514 3767 540 3820 V
551 3784 583 3834 p.
602 3770 654 3821 405
671 3767 712 3821 ed.
732 3769 822 3823 Mart.
841 3798 874 3808 -
892 3769 1040 3837 Cyprianus
1058 3769 1145 3823 mal
1288 3767 1321 3820 19
1339 3765 1480 3819 benedicto

350 3852 379 3902 ot
396 3866 447 3904 om.
466 3851 493 3903 Z
594 3854 745 3920 utemur
856 3853 1252 3923 dilectissim01duloiseimoa·
1354 3852 1390 3904 20
1409 3855 1480 3918 tyra·

351 3934 391 3988 sio
409 3936 435 4000 b,
453 3937 571 3991 turassio
589 3957 609 4006 μ
713 3939 743 3992 in
759 3937 785 3992 d.
804 3955 843 3993 ae.
862 3939 986 4007 salutern]
1004 3938 1183 4008 Hieronymus
1201 3941 1220 3993 b
1322 3938 1356 3991 21
1374 3937 1402 3990 ἱη
1421 3937 1480 4005 qui·

350 4021 437 4076 busb
562 4024 596 4076 22
614 4024 842 4094 domnitationep
946 4025 1020 4079 aliud
1037 4027 1090 4089 Zb,
1108 4026 1190 4078 aliter
1206 4042 1242 4091 νμ
1369 4025 1404 4077 23
1421 4039 1480 4075 auru

348 4124 401 4162 om.
421 4125 457 4177 ap
580 4110 731 4179 christiani]
750 4112 840 4165 tristis
859 4112 884 4164 Z
1004 4112 1142 4180 iactatam]
1161 4111 1318 4165 ablatamb
1427 4110 1479 4162 uir·

348 4195 540 4264 tutom‘fliuieae
558 4196 576 4250 le
660 4197 696 4251 24
713 4196 842 4251 afflixeris
854 4197 886 4263 Z,
904 4197 1023 4251 flecteres
1040 4198 1058 4251 b
1070 4203 1096 4252 et
1114 4197 1253 4252 Baculus
1270 4196 1318 4265 qui
1336 4211 1372 4250 ea
1389 4195 1480 4249 coelice

349 4282 480 4336 Fucensi
503 4288 529 4337 ct
551 4284 680 4338 Rerueasi
696 4285 842 4353 epistulam
859 4283 947 4339 edidit
965 4285 1048 4353 (ευ)
1216 4286 1401 4352 stupeo...p.
1418 4282 1480 4344 275,

348 4367 516 4423 dicotur-am
534 4385 584 4424 om.
603 4371 631 4425 Z
760 4381 761 4384 ’
