3720 4920
382 359 449 423 240
851 357 1036 427 Appendix.

381 515 458 575 tales
479 516 621 576 interdum
641 517 745 576 tolerat
760 516 889 592 ecclesia,
917 534 952 575 ne
969 517 1114 590 prouocati
1130 518 1221 591 magis
1236 517 1324 576 etiam
1339 517 1509 590 perturbent

381 620 518 692 populum
547 619 613 678 Dei:
638 621 688 677 sod
714 620 782 694 qnid
809 621 927 691 prodest
942 637 998 677 non
1012 619 1076 679 eiici
1092 624 1173 679 coetu
1189 620 1309 692 piorum,
1332 619 1358 677 si
1372 618 1510 679 merueris

289 779 291 783 ,
382 719 468 779 eiici?
492 739 558 779 nam
579 722 643 780 eiicr
659 721 813 779 remedium
830 724 875 779 est
889 725 919 779 et
933 722 1040 794 gradus
1054 723 1090 780 ad
1107 722 1326 795 reserperandam
1341 721 1509 780 unitatem:

380 822 547 882 eiectionem
575 825 711 882 meruisse
738 841 850 883 summu
866 823 1005 881 malorum
1020 827 1074 881 est.
1098 842 1133 883 ac
1148 824 1254 882 frustra
1269 822 1403 882 miscetur
1418 822 1512 881 metui

381 928 544 984 sanctorum
560 925 590 983 in
611 925 716 999 templo
737 927 910 994 manufacto,
937 926 962 983 si
989 925 1137 984 submotus
1166 925 1398 984 estaccnsortio
1414 924 1533 983 Deleta

383 1027 420 1086 ab
434 1028 568 1086 uniuerso
583 1043 699 1099 corpere
714 1027 833 1100 mystico
850 1028 967 1086 Christi.

335 1125 375 1183 29
425 1129 545 1203 Oportet
559 1133 654 1189 autem
671 1132 700 1188 et
716 1129 786 1188 illud
802 1130 982 1189 considerare
996 1133 1169 1203 quantopere
1182 1130 1338 1188 Christiani
1353 1131 1508 1189 abhorrent

381 1234 417 1293 ab
433 1232 600 1307 idolothytis
617 1237 646 1292 et
660 1235 697 1292 ab
711 1233 844 1306 ingressu
859 1232 992 1292 fanomm
1007 1236 1092 1304 atque
1107 1234 1144 1291 ab
1158 1232 1229 1306 ipsis
1241 1232 1327 1291 etiarn
1337 1232 1509 1292 simulacris.

381 1351 445 1393 cunr
471 1335 572 1393 heatus
587 1334 695 1394 Paulus
711 1334 813 1392 clamet
828 1352 919 1407 neque
934 1335 1041 1393 idolum
1057 1350 1119 1392 esse
1135 1333 1243 1406 aliquid
1257 1350 1347 1407 neque
1361 1334 1505 1407 idolothy-

380 1440 451 1507 tum,
478 1437 568 1494 mnlto
594 1437 688 1494 minus
715 1435 812 1493 fanum
840 1453 874 1494 ex
901 1435 1046 1509 lapidibus
1061 1438 1255 1494 constructum
1270 1438 1314 1493 est
1328 1435 1454 1509 aliquid:
1477 1437 1508 1494 et
1523 1452 1549 1491 ιο

379 1542 476 1596 tamen
502 1539 689 1610 plurimorum
710 1538 822 1594 animus
837 1555 871 1595 ea
885 1537 1025 1609 religione
1041 1539 1164 1607 muctar,
1192 1540 1225 1594 nt
1239 1539 1357 1595 mortem
1371 1539 1509 1608 oppetant

381 1639 467 1698 citius
493 1656 578 1711 quam
600 1641 718 1712 gustent
738 1637 822 1696 idolis
838 1639 1031 1696 immolatum:
1054 1640 1085 1696 et
1100 1637 1272 1710 inexpiabile
1287 1638 1432 1710 piaculum
1448 1655 1509 1696 esse

382 1744 498 1812 ducant,
521 1743 548 1800 si
575 1743 773 1814 ingrediantur
800 1742 898 1798 sanum
914 1741 992 1799 Iouis
1013 1745 1064 1798 aut
1079 1742 1223 1813 Apollinis
1238 1744 1287 1799 aut
1303 1741 1410 1801 Dianae
1424 1757 1511 1816 seque

383 1847 487 1917 putent
512 1847 645 1902 contactu
672 1844 817 1901 simulacri
844 1843 1028 1901 uehementer
1053 1844 1252 1902 contaminari.
1275 1843 1405 1915 equidem
1424 1844 1512 1915 probo

386 1946 487 2005 talium
502 1944 679 2017 religionem,
706 1944 732 2001 si
748 1944 804 2002 sibi
819 1947 934 2002 constet
948 1943 977 2002 iu
998 1945 1138 2003 omnibns.
1162 1962 1238 2002 nunc
1252 1962 1304 2017 pro
1319 1944 1398 2002 dolor
1414 1945 1511 2003 uidere
1525 1964 1549 2002 ιο

386 2051 432 2107 est
457 2047 595 2120 quosdam
611 2046 641 2104 in
657 2045 703 2103 his
718 2062 807 2117 paene
824 2046 1024 2118 superst'tiose
1039 2046 1176 2119 trepidos,
1203 2048 1234 2104 iu
1255 2046 1321 2106 aliis
1336 2047 1384 2104 ubi
1398 2047 1515 2120 grauior

387 2152 450 2208 erat
479 2149 624 2208 metuendi
651 2164 737 2205 causa
758 2148 877 2205 nimium
893 2163 956 2207 esse
973 2165 1097 2206 secures.
1121 2165 1173 2220 per
1187 2164 1218 2206 se
1234 2165 1289 2206 non
1304 2149 1435 2221 inquinat
1449 2149 1512 2206 aui·

388 2269 461 2310 maru
488 2253 635 2309 contactus
661 2249 729 2307 idoli
753 2268 805 2308 nec
822 2250 970 2322 ingressus
984 2250 1045 2308 iani
1060 2266 1113 2308 uec
1127 2267 1192 2308 esus
1207 2249 1374 2324 idolothyti:
1396 2250 1448 2309 sed
1462 2267 1512 2322 per

384 2371 415 2413 se
444 2352 549 2425 polluit
574 2352 776 2410 censcientiam
798 2370 877 2410 amor
899 2352 1036 2423 pecuniae
1052 2351 1178 2410 incestus
1194 2352 1293 2424 rapina
1307 2352 1465 2426 hypocrisis
1480 2354 1510 2408 et

379 2457 427 2515 his
442 2454 549 2513 similia
564 2457 700 2512 monstra.
724 2471 809 2526 quarn
825 2471 891 2512 uero
907 2455 1038 2526 congruit
1053 2456 1169 2513 horrere
1185 2454 1246 2512 faui
1261 2454 1430 2527 ingressum,
1452 2471 1505 2512 uec
1516 2469 1542 2508 οο

381 2559 496 2615 horrere
512 2556 542 2612 in
559 2556 664 2626 templo
681 2558 778 2613 sancto
801 2555 915 2627 spiritui
937 2559 1101 2613 consecrate
1128 2555 1259 2613 uictimas
1281 2555 1425 2613 immolare
1440 2555 1508 2612 dae-

381 2658 508 2717 moniis?
532 2658 635 2716 clamat
651 2659 768 2715 sanctus
785 2657 892 2714 Paulus
907 2656 1035 2715 scribens
1051 2657 1222 2714 Corinthiis:
1246 2657 1402 2714 nescitis
1426 2657 1514 2733 quia

380 2757 554 2831 ternplum
577 2758 639 2815 Dei
674 2759 777 2828 estis,
811 2762 848 2815 et
878 2758 1039 2830 spiritus
1062 2758 1125 2816 Dei
1159 2758 1362 2816 habitatin
1386 2759 1511 2816 uehis?

380 2860 411 2919 si
434 2859 514 2933 quis
537 2863 654 2918 autem
676 2860 847 2931 templum
871 2859 935 2917 Dei
958 2859 1171 2931 uiolauerit,
1195 2859 1385 2932 disperdet
1408 2859 1512 2917 illum

380 2961 483 3020 Deus.
508 2979 607 3019 rursus
635 2961 663 3018 in
690 2962 787 3020 eadem
809 2962 946 3034 epistola:
970 2979 1011 3018 an
1035 2962 1196 3019 nescitis
1218 2962 1387 3034 quoniam
1410 2978 1547 3019 mem-ra

379 3065 443 3120 hra
465 3066 591 3120 uestra
614 3061 789 3135 templum
812 3066 901 3120 sunt
924 3064 1043 3120 suncti
1073 3064 1236 3134 spiritus
1264 3064 1382 3135 quiin
1406 3064 1511 3123 uobis

380 3168 453 3231 est,
488 3181 590 3236 quum
621 3163 769 3222 hahetis
792 3181 810 3220 a
831 3165 901 3221 Dec
930 3167 965 3221 et
987 3181 1052 3221 nun
1083 3165 1176 3221 estis
1204 3165 1342 3222 nestri?
1380 3165 1454 3238 quod
1484 3166 1510 3223 si

381 3265 606 3324 Christianorum
630 3268 745 3338 pectora
767 3266 821 3323 sibi
843 3267 1021 3325 consecrauit
1035 3265 1112 3324 Deus
1134 3270 1165 3323 ut
1182 3267 1210 3323 in
1227 3266 1286 3324 illis
1303 3267 1443 3326 inhahitet
1458 3285 1509 3341 per

378 3367 512 3439 spiritum
538 3385 630 3437 suurn,
658 3367 717 3424 illic
743 3367 895 3425 deliciatur
916 3372 946 3426 et
966 3368 1134 3438 inambulat,
1158 3368 1219 3426 illic
1245 3373 1321 3427 amat
1344 3369 1398 3426 sihi
1414 3371 1509 3428 offerri

379 3469 524 3527 uictimam
551 3485 652 3540 puram
667 3470 696 3526 in
725 3470 801 3528 omui
816 3469 887 3528 loco.
912 3472 1005 3542 etqui
1021 3472 1051 3527 in
1073 3472 1126 3528 hoc
1153 3471 1289 3543 templum
1311 3471 1369 3527 Deo
1396 3490 1507 3530 sacrum
1517 3494 1543 3531 οο

379 3571 468 3631 eiecto
495 3573 593 3631 sancto
614 3571 717 3643 spiritu
744 3572 856 3631 inducit
879 3573 1104 3633 abominationes
1133 3591 1203 3646 quas
1220 3573 1248 3632 in
1265 3575 1384 3647 mystice
1401 3576 1507 3634 uisione

379 3675 528 3748 conspexit
543 3675 685 3746 Ezechiel,
711 3677 759 3748 qni
786 3675 848 3733 illic
874 3678 970 3735 sedem
997 3677 1067 3734 iacit
1092 3677 1268 3734 Mammonae
1295 3677 1398 3734 Venari
1425 3679 1509 3735 Como

379 3776 492 3835 Baccho
519 3777 640 3850 aliisque
662 3778 813 3848 portentis,
839 3784 889 3851 qui
910 3779 951 3836 ihi
967 3779 1149 3837 daemonibus
1166 3779 1294 3836 immolat
1309 3779 1508 3852 spurcissimas

380 3879 499 3949 hostias,
527 3882 642 3937 ueretur
669 3879 780 3951 ingredi
809 3881 905 3938 sanum
932 3882 1061 3954 gentium
1082 3899 1116 3938 ne
1139 3881 1365 3940 contaminetur?
1388 3883 1505 3954 proinde

379 3996 460 4039 uerno
487 3979 543 4038 eibi
564 3979 672 4038 frustra
686 3980 859 4051 blandiatur,
876 3980 953 4040 Deus
974 3999 1030 4040 uon
1046 3981 1197 4039 irridetur:
1214 3984 1324 4040 constet
1339 3981 1396 4039 sihi
1409 3986 1509 4040 nestra
1519 4004 1544 4042 οο

447 4230 483 4285 22
500 4231 512 4283 l
532 4230 590 4285 Cor.
609 4235 633 4295 3,
654 4232 694 4284 16.
733 4226 736 4233 '
798 4233 863 4285 251
883 4233 942 4287 Cor.
961 4235 986 4295 6,
1008 4235 1047 4286 19.
