3720 4920
387 342 429 408 '1¹8
860 338 1044 410 Appendin

386 515 423 555 an
444 514 511 556 nero
533 496 562 555 in
584 497 680 570 aliquo
700 495 840 556 claudicet
863 513 927 556 eum
951 496 1116 570 baptisatur
1137 494 1311 567 baptismate
1326 511 1425 567 aquae,
1441 493 1518 566 qnod

385 599 480 657 minus
501 602 554 668 est,
581 599 730 658 dnmmodo
754 603 854 672 postea
875 601 986 659 constet
1007 599 1037 658 in
1052 597 1174 657 ueritate
1190 597 1300 656 sincera
1315 597 1385 654 tides
1400 596 1430 655 in
1445 596 1517 670 bap·

385 699 502 758 tismate
518 700 647 774 spiritns,
663 704 737 775 quod
752 720 808 761 non
823 702 907 761 dnbio
922 701 1015 761 mains
1030 704 1084 760 est.

354 799 374 853 Ἰ
428 800 489 860 Noe
511 802 646 863 aestimes
671 802 738 862 huie
757 803 895 862 tractatui
917 803 1091 862 eontrarium
1106 818 1169 860 esse
1184 803 1258 874 qnod
1274 800 1347 860 dixit
1360 799 1514 860 Dominus:

385 900 453 973 ite,
483 905 612 964 docete
641 907 787 980 gentes,
816 906 981 979 tinguite
1011 922 1072 966 eos
1101 906 1136 962 in
1167 905 1309 963 nomine
1340 902 1459 977 patris
1480 903 1536 961 ets

384 1001 462 1063 filii
485 1011 521 1066 et
550 1007 713 1081 spiritus
741 1010 871 1068 saneti.
908 1007 976 1082 qnia
1002 1026 1067 1068 eum
1093 1009 1147 1067 hoe
1172 1024 1272 1066 uemm
1298 1007 1327 1065 et
1353 1009 1461 1064 rectum
1487 1006 1516 1063 et

384 1107 515 1167 omnibus
535 1108 627 1168 modis
650 1108 679 1167 in
701 1109 820 1169 eeclesia
835 1110 1042 1170 obseruandum
1059 1110 1099 1168 sit
1114 1112 1143 1168 et
1156 1108 1304 1169 obseruari
1320 1124 1431 1182 quoqne
1445 1105 1515 1167 soli·

384 1209 446 1266 tum
467 1209 518 1281 sit,
536 1213 631 1269 tamen
654 1211 831 1271 considerare
854 1215 968 1285 oportet
991 1213 1067 1285 quod
1082 1210 1225 1271 innodatio
1241 1209 1363 1270 nominis
1378 1210 1444 1269 Iesu
1458 1225 1516 1268 non

383 1310 468 1369 debet
488 1312 605 1371 anobis
627 1312 720 1372 futilis
746 1314 837 1372 uideri
860 1317 978 1387 propter
999 1317 1213 1372 uenerationem
1227 1316 1257 1371 et
1271 1311 1408 1371 uirtutem
1423 1310 1515 1384 ipsius

382 1413 515 1485 nominis,
537 1414 567 1471 in
589 1430 643 1488 quo
664 1415 776 1474 nomine
798 1414 922 1475 uirtutes
944 1433 1042 1475 omnes
1063 1416 1157 1475 solent
1178 1413 1241 1475 fieri
1260 1418 1289 1474 et
1304 1430 1514 1487 nonnumquam
1524 1433 1549 1470 io

382 1513 495 1588 aliquae
522 1516 609 1575 etiam
635 1517 671 1575 ab
696 1517 859 1577 hominibus
884 1519 1037 1577 extraneis.
1068 1521 1195 1577 ceterum
1221 1534 1276 1590 quo
1296 1515 1442 1588 pertinent
1463 1513 1515 1574 illa

382 1616 470 1673 uerba
489 1616 607 1689 christi,
629 1619 677 1690 qui
698 1622 867 1692 negaturum
888 1635 919 1678 se
940 1635 1003 1678 esse
1025 1619 1098 1677 dixit
1121 1634 1173 1678 nee
1187 1634 1270 1676 nossa
1285 1632 1334 1676 eos
1349 1616 1398 1690 qui
1412 1614 1469 1674 sibi
1483 1616 1514 1674 in

380 1715 428 1774 die
443 1717 542 1776 indicii
557 1718 663 1777 dieturi
683 1724 795 1778 essent:
818 1719 976 1791 Domine,
999 1720 1156 1790 Domine,
1179 1734 1294 1777 noune
1318 1719 1353 1776 in
1375 1721 1434 1776 tuo
1455 1735 1513 1777 no·

381 1816 474 1876 mine
508 1821 813 1894 prophetanimus
843 1823 879 1881 et
900 1821 936 1879 in
966 1821 1106 1881 nomine
1138 1823 1199 1880 tuo
1233 1818 1421 1879 daemonia
1443 1817 1512 1877 eie·

381 1920 495 1980 oimns
518 1924 553 1981 et
574 1924 608 1980 in
636 1923 778 1982 nomine
808 1926 867 1984 tuo
899 1925 1065 1983 uirtutes
1095 1940 1242 1997 magnas
1265 1923 1434 1992 fecimus,
1465 1937 1547 1979 rere

380 2025 546 2096 spondendo
568 2025 610 2082 eis
630 2026 715 2083 etiam
738 2043 800 2084 cum
822 2025 1003 2086 iureiurando
1032 2027 1117 2099 quia
1144 2041 1329 2098 numquam
1360 2023 1513 2097 eognoni

382 2227 581 2287 ostenderetur
602 2229 685 2287 nobis
708 2246 916 2303 nonnumquam
932 2231 1017 2291 etiam
1032 2231 1069 2289 ab
1083 2231 1130 2289 his
1145 2231 1193 2304 qui
1209 2232 1394 2303 operarentur
1408 2228 1513 2301 iniqui-

379 2329 470 2387 tatem
484 2346 570 2402 posse
585 2331 766 2404 pernimiam
782 2331 918 2390 uirtutem
934 2331 1056 2390 nominis
1071 2333 1136 2391 Iesu
1152 2333 1238 2391 etiam
1254 2334 1325 2391 haee
1336 2331 1406 2390 fieri.
1424 2330 1511 2390 ideir-

378 2445 467 2504 eoqne
489 2432 575 2491 debet
595 2432 736 2491 inuoeatio
757 2434 828 2492 haee
847 2434 969 2491 nominis
984 2434 1051 2492 Iesu
1065 2434 1148 2506 qnasi
1163 2432 1278 2491 initium
1292 2433 1432 2505 quoddam
1449 2446 1545 2507 my-no

378 2531 462 2589 sterii
485 2532 618 2592 dominini
633 2549 778 2592 eommnno
794 2533 876 2592 nobis
892 2537 921 2592 et
938 2534 1041 2593 esteris
1053 2534 1183 2592 omnibus
1198 2533 1306 2606 aoeipi,
1329 2534 1402 2607 qnod
1417 2532 1511 2606 possit

378 2634 558 2706 postmodum
572 2634 695 2693 residuis
716 2635 801 2694 rebus
816 2636 940 2708 implori,
963 2636 1035 2694 alias
1049 2653 1105 2695 non
1120 2635 1270 2708 profutura
1284 2634 1352 2693 talis
1367 2634 1509 2694 inundatio

378 2751 441 2792 eum
456 2736 518 2793 sola
533 2737 731 2809 permanserit,
753 2737 820 2809 quia
833 2740 899 2810 post
914 2742 1033 2796 mortem
1049 2737 1186 2796 eiusmodi
1206 2737 1328 2795 hominis
1344 2754 1399 2795 non
1414 2739 1510 2810 potest

377 2835 404 2894 oi
425 2836 576 2910 quicquam
597 2837 709 2897 omnino
730 2839 805 2898 adici
826 2839 872 2897 nel
895 2838 1022 2912 suppleri
1043 2843 1094 2898 aut
1114 2839 1144 2897 in
1158 2838 1255 2911 aliquo
1270 2840 1403 2910 prodesse
1418 2838 1448 2896 in
1463 2838 1509 2897 die
1589 2861 1595 2871 ·

377 2934 491 3007 indicii,
514 2953 578 2995 eum
590 2936 637 2995 illi
650 2954 669 2995 a
682 2938 801 2997 Domino
824 2943 921 2998 nostro
936 2957 1009 3012 qnae
1025 2957 1112 3012 supra
1125 2938 1342 2998 memorauimus
1363 2939 1507 3012 coeperint
1516 2952 1541 2992 re

376 3036 557 3110 exprobrari:
585 3037 634 3113 qui
660 3042 756 3099 tamur
781 3041 908 3100 uniuersi
929 3040 1013 3101 hodie
1034 3044 1067 3100 ut
1087 3041 1143 3101 sibi
1163 3041 1210 3101 his
1231 3041 1322 3100 modis
1336 3040 1508 3101 subueniant

375 3138 480 3210 quibus
494 3156 581 3213 snpra
596 3142 781 3215 ostendimus,
797 3159 853 3200 non
864 3145 985 3216 possunt
995 3144 1032 3202 ab
1047 3142 1106 3203 ullo
1117 3142 1263 3203 hominnm
1274 3144 1333 3200 tam
1348 3143 1417 3201 dure
1431 3144 1506 3200 tam·

375 3255 431 3312 que
447 3240 602 3301 crudeliter
615 3242 771 3316 prohiberi.

344 3340 365 3398 8
418 3341 474 3401 Sed
489 3344 525 3402 ad
540 3342 619 3416 haec,
636 3346 669 3402 ut
683 3343 766 3417 soles,
782 3345 970 3417 contradices,
986 3348 1152 3421 opponendo
1164 3345 1246 3405 uobis
1258 3349 1326 3406 tune
1336 3338 1400 3406 cum
1410 3346 1507 3418 bapti·

375 3445 510 3503 narentnr
535 3444 647 3519 integre
670 3462 703 3505 ae
728 3449 805 3507 reete
825 3447 980 3522 discipulos
1002 3466 1036 3508 ae
1056 3467 1113 3509 non
1135 3453 1169 3508 ut
1195 3449 1248 3508 hoa
1269 3449 1427 3508 haereticos
1441 3459 1541 3508 esseio

374 3544 545 3619 baptizatos.
569 3549 645 3621 quod
656 3565 690 3607 ex
704 3565 825 3621 persona
840 3549 966 3624 ipsorum
982 3555 1012 3611 et
1026 3551 1086 3611 eius
1098 3552 1147 3625 qui
1158 3551 1318 3625 baptisanit
1332 3550 1398 3610 illos
1409 3567 1505 3610 sumas

374 3662 490 3706 neeesse
510 3650 565 3708 ost.
589 3654 619 3708 et
640 3650 704 3710 ideo
726 3668 777 3711 nos
798 3653 834 3711 ad
849 3653 1071 3726 propositionem
1086 3656 1161 3713 hane
1175 3658 1254 3712 tuam
1269 3670 1326 3712 uon
1341 3657 1373 3711 nt
1388 3670 1504 3712 aecusa-

375 3750 452 3809 tores
466 3749 673 3826 discipulorum
687 3752 801 3812 Domini
815 3754 1029 3828 respondemus,
1044 3757 1095 3815 sed
1110 3754 1196 3815 sicuti
1211 3754 1417 3829 compellimur,
1439 3754 1505 3829 quia

442 3950 460 4003 5
476 3948 577 4003 neten
596 3952 639 4014 28,
658 3953 699 4006 19.
803 3952 842 4006 13·
854 3952 955 4006 Matth.
976 3953 1000 4016 7,
1017 3952 1059 4005 22.
1079 3953 1120 4006 23.

443 4125 641 4196 lbaptismste
657 4144 688 4182 ea
706 4144 773 4197 quae
789 4130 848 4184 eod.
935 4129 1023 4183 3non
1041 4127 1121 4183 dubia
1138 4146 1188 4183 om.
1208 4129 1268 4200 Rip.
1357 4099 1505 4184 19‘ideiroo

374 4226 441 4281 qnae
460 4212 523 4284 Rq.
627 4215 661 4268 21
681 4214 760 4284 quod]
779 4216 843 4284 quia
861 4215 920 4286 Rip.
1023 4214 1059 4269 25
1076 4216 1126 4270 ills
1143 4215 1204 4286 Rq.
