3720 4920
371 390 512 439 LXXXIV

372 527 447 592 sunt
457 525 564 609 pretii.
581 524 649 591 uidi
661 525 832 609 pleresque,
849 526 904 591 sed
915 544 1011 590 unam
1019 525 1126 591 uidere
1133 543 1195 590 non
1204 525 1339 609 contigit
1347 525 1512 594 11111111-

373 655 441 705 sem
462 655 535 702 cum
556 636 640 703 notis
660 636 766 702 Iacobi
785 636 922 703 Pamelii
944 636 977 701 et
990 634 1128 703 Simonis
1143 635 1312 716 Goulertii
1338 657 1419 720 quae
1439 638 1512 721 post

372 747 587 814 Parisiensem
602 766 630 812 e.
650 747 734 813 1593
754 748 895 830 prodisse
910 746 1046 813 uidetur.
1067 747 1100 813 in
1116 766 1152 812 ea
1166 747 1252 813 unici
1267 766 1361 830 quem
1375 748 1513 814 habebat

277 848 281 856 ’
374 857 491 924 codicis
506 857 668 924 cuiusdam
683 857 818 940 episcopi
833 857 1026 923 lehonensis
1042 857 1212 942 scripturas
1226 859 1366 924 enotesse
1381 856 1514 925 Goular·

371 968 456 1033 tium
470 967 664 1034 Reinhertus
684 967 786 1034 editor
799 967 1013 1034 Altdorfensis
1026 970 1174 1034 testatur.

103 1167 106 1173 Ι
250 1099 325 1144 areo
417 1078 558 1144 Tandem
573 1098 602 1145 a.
618 1074 702 1145 1648
710 1078 871 1163 Rigeltins
885 1079 937 1144 uir
952 1080 984 1145 et
1000 1079 1158 1164 elegantia
1172 1079 1290 1164 ingenii
1307 1081 1338 1146 et
1353 1081 1513 1147 doctrinae

213 1168 354 1224 ΗΜ·
373 1190 463 1273 copia
483 1189 617 1274 insignis
637 1191 727 1255 noun
748 1190 899 1255 suissuis
913 1189 1089 1256 instructus
1105 1209 1199 1273 opere
1215 1189 1361 1274 Cypriani
1375 1191 1511 1258 reeens

374 1298 473 1385 (apud
495 1301 559 1365 uid.
582 1300 757 1366 Methurini
778 1303 821 1366 du
842 1301 920 1367 Puis
941 1300 994 1365 uie
1009 1301 1159 1366 Iacobaea
1180 1301 1238 1367 sub
1259 1301 1348 1384 signo
1363 1300 1511 1381 Coronae)

372 1411 458 1496 typis
488 1411 598 1477 edidit.
628 1412 662 1477 in
691 1412 877 1494 scriptorum
907 1411 1014 1478 ordine
1040 1431 1059 1477 a
1084 1411 1225 1478 Pemelio
1254 1412 1402 1478 instituto
1431 1410 1513 1476 nihil

372 1522 514 1588 mutauit
533 1522 595 1588 ulei
616 1522 699 1605 quod
719 1523 890 1607 epistulam
905 1521 1032 1588 Donati
1044 1523 1090 1587 od
1108 1522 1311 1615 Cypriacam
1331 1525 1363 1589 in
1381 1524 1512 1588 ednote·

374 1630 476 1698 tiones
496 1632 615 1698 reiecit.
639 1633 854 1697 adnotationes
869 1631 1051 1715 locupletes,
1073 1633 1187 1714 quibus
1202 1651 1281 1716 ques
1296 1634 1336 1698 ad
1350 1633 1444 1697 crisin
1460 1630 1513 1696 uel

376 1743 518 1827 exegesin
538 1743 696 1826 pertinent
717 1741 836 1825 optime
857 1741 1039 1826 explicauit‚
1061 1744 1167 1807 tomus
1182 1744 1263 1808 alter
1277 1742 1513 1827 comprehendit

377 1854 484 1936 eisque
498 1853 682 1918 anecdotum
697 1871 773 1935 opus
788 1871 825 1918 ex
837 1853 941 1918 codice
952 1853 1099 1918 Remensi
1115 1853 1331 1919 uetustissimo
1347 1854 1513 1937 depromp-

377 1964 448 2029 tum
472 1961 524 2028 De
549 1963 775 2044 rebaptismate
802 1962 1032 2029 Modicam
1060 1964 1202 2028 inseruit.
1234 1964 1274 2028 ed
1302 1959 1514 2029 edomandam

378 2074 548 2140 editionem
576 2074 718 2158 Rigaltio
747 2074 871 2158 praeter
900 2073 1118 2139 Oorbeiensem
1144 2072 1206 2159 (0),
1238 2073 1421 2139 Thueneum
1447 2072 1461 2159 (
1489 2075 1513 2155 )‚

377 2184 561 2249 Foriensem
588 2183 651 2270 (Z),
681 2184 818 2268 Regium
848 2185 904 2269 (=
932 2185 998 2250 cod.
1025 2184 1125 2249 Paris.
1155 2184 1239 2249 1653
1268 2203 1349 2249 saec.
1374 2183 1454 2269 XII)
1482 2186 1515 2249 et

378 2292 537 2376 exemplar
571 2293 728 2376 quoddam
763 2292 1008 2376 Pomposienum
1042 2294 1331 2359 uetustissimorum
1367 2294 1511 2359 codicum

383 2402 566 2468 Veronensis
588 2405 620 2468 et
634 2404 847 2469 Beneuentani
869 2403 995 2468 collatio
1017 2402 1056 2467 de
1077 2421 1138 2484 qua
1158 2422 1251 2485 supra
1272 2404 1316 2486 (p.
1331 2402 1426 2486 XIII)
1447 2402 1514 2466 dixi

380 2513 505 2597 praesto
516 2513 588 2578 luit.
604 2531 680 2595 quoe
696 2531 769 2578 cum
783 2512 900 2578 ueteris
914 2512 1088 2596 scripturae
1103 2513 1288 2578 liniamenta
1301 2512 1436 2577 fideliter
1451 2528 1517 2576 ser·

382 2643 457 2691 nere
477 2624 748 2702 animaduerteret,
770 2643 803 2689 se
822 2642 929 2690 eorum
944 2623 1116 2706 scripturae
1131 2640 1238 2688 omnes
1253 2623 1367 2707 inipso
1389 2640 1519 2704 operum

382 2736 529 2801 contextu
554 2736 785 2817 repraesentare
811 2734 956 2800 debuisse
979 2733 1067 2812 dicit,
1095 2734 1149 2799 sed
1170 2733 1394 2799 festinantibus
1416 2732 1519 2815 operis

382 2844 616 2930 typographIcis
640 2864 711 2910 cum
735 2844 843 2910 adesse
863 2843 926 2909 sibi
945 2861 1006 2909 non
1021 2843 1140 2924 liceret,
1163 2843 1198 2907 id
1213 2843 1279 2906 fieri
1294 2862 1355 2909 non
1370 2842 1524 2924 potuisse.¹

383 2955 539 3040 relegauit
552 2955 654 3040 igitur
668 2954 853 3020 Veronensis
873 2956 907 3019 ct
921 2953 1134 3020 Beneuentani
1149 2953 1224 3018 libri
1237 2952 1518 3036 locupletissimam

383 3065 567 3134 memoriam
578 3066 612 3130 in
624 3064 863 3142 11111νωί1111,
878 3064 1066 3130 lectionibus
1080 3063 1188 3146 paucis
1199 3064 1232 3128 in
1245 3066 1365 3129 tentum
1377 3061 1519 3143 receptis.

384 3174 554 3258 quamuisa
564 3174 729 3239 Veronensi
737 3174 850 3252 codice,
859 3174 947 3241 cuius
955 3173 1168 3239 condicionem
1174 3172 1446 3256 nonperspenerat‚
1456 3171 1521 3234 fore

385 3287 471 3352 totus
486 3286 632 3369 pendent,
648 3285 871 3368 circumspecto
887 3286 919 3351 et
931 3287 1022 3351 acuto
1037 3283 1153 3349 iudicio
1164 3283 1199 3347 in
1210 3281 1361 3367 eligendis
1376 3271 1536 3347 11111111-Ι

386 3398 446 3463 bus
467 3396 499 3460 et
520 3395 727 3480 ponderandis
746 3397 890 3460 uersatus
911 3393 1123 3459 emendatiora
1139 3396 1171 3459 et
1184 3393 1357 3476 integriora
1372 3389 1520 3474 Cypriani

387 3525 480 3591 opere
500 3507 604 3572 edidit
621 3526 716 3590 quem
738 3506 792 3589 qni
808 3525 844 3572 ea
859 3506 947 3588 prins
963 3504 1204 3590 castigaueraut.
1227 3505 1260 3568 in
1275 3500 1522 3570 calce'editionis

386 3617 512 3684 Nicolai
526 3616 621 3683 Fabri
642 3617 834 3682 coniectores
855 3616 1064 3697 lectionesque
1080 3635 1158 3698 ques
1174 3634 1190 3681 e
1205 3614 1364 3680 codicibus
1380 3613 1435 3678 ille
1450 3629 1523 3677 eno·

261 3748 337 3793 aueo
389 3729 513 3794 tauerat
527 3728 652 3794 adiecit.
668 3727 802 3812 Rigaltii
817 3728 987 3793 editionem
1002 3728 1110 3793 secuta
1125 3726 1174 3792 est
1186 3724 1367 3809 Oroniensis
1382 3742 1409 3788 a.
1428 3721 1522 3787 1682.

232 3816 370 3862 mm
390 3861 464 3907 nam
478 3840 644 3919 Reinharti
665 3839 761 3905 editio
783 3858 862 3921 ques
877 3858 904 3904 a.
923 3838 1006 3904 1681
1023 3836 1197 3903 Altdorfiee
1211 3835 1328 3917 prodiit
1342 3834 1461 3900 nullius
1476 3835 1525 3898 est

389 3951 558 4028 momenti3
574 3951 602 4016 is
617 3950 701 4016 euim
714 3952 838 4033 praeter
854 3948 1007 4015 editiones
1022 3948 1146 4030 aliquot
1160 3947 1351 4028 antiquiores
1368 3944 1524 4011 11111111-

390 4061 534 4146 bergensi
555 4060 747 4127 bibliotheca
769 4060 917 4126 aduectas
940 4077 1015 4125 mss.
1039 4058 1137 4125 libros
1158 4076 1235 4141 quos
1258 4056 1377 4122 1111111
1397 4054 1431 4121 11
1447 4053 1526 4121 (111-

390 4173 516 4239 maniee
535 4172 735 4239 bibliothecis
750 4174 926 4255 quaesierat
940 4171 1044 4237 nullos
1059 4171 1235 4253 usurpauit.
1256 4167 1444 4233 Oxonienses
1459 4166 1527 4233 odi·

391 4287 475 4353 tores
489 4285 535 4352 Io.
551 4285 659 4351 bellus
677 4285 839 4368 episcopus
855 4282 1040 4350 Oxoniensis
1055 4285 1088 4349 et
1102 4283 1147 4348 lo.
1161 4279 1348 4347 Peersonius
1363 4279 1528 4363 episcopus
