3720 4920
494 373 540 428 De
557 372 732 428 montibus
750 371 835 427 Sina
853 375 887 427 ot
904 372 984 428 Sion
1005 388 1029 427 c.
1046 372 1124 426 6-7.
1314 375 1372 438 111
1489 417 1495 428 .

237 530 349 591 Iacob
371 530 445 591 fuit
467 530 564 591 lenis
587 534 622 590 et
644 528 768 601 minor,
792 528 822 587 in
846 529 940 604 figura
958 528 1247 603 populinouellioris‚
1270 526 1376 603 quiex

237 632 463 693 diotoaudientia
477 649 529 706 per
543 631 723 692 credulitatis
737 631 822 690 fldem
838 647 873 690 cx
888 633 1039 706 aspredine
1059 632 1167 692 saeculi
1182 632 1213 691 in
1227 631 1376 690 lenitatem

238 750 392 795 conuersus
408 737 453 793 est
469 735 504 792 ad
520 733 668 794 cunnum
682 734 835 793 Dominum
850 738 882 792 et
896 733 951 792 Dei
966 733 1067 792 filium.

279 835 354 896 Ecca
368 835 550 909 probauimua
566 852 617 908 per
632 835 839 909 scripturarum
854 835 940 894 iidem
955 835 1090 895 maiorem
1105 835 1241 909 populum
1252 836 1283 894 et
1292 836 1406 893 netu-‘l

215 937 354 1001 astionem
368 953 432 998 esse
446 937 506 998 Deo
521 938 552 996 in
567 937 632 997 odio
647 953 799 997 conuersos
814 938 970 997 secundum
991 937 1258 1010 interpretationem
1272 935 1378 996 montis

237 1039 306 1098 Sina
313 1028 606 1114 dicontis‘temptatio
617 1043 735 1099 aeterna
746 1042 776 1097 et
787 1025 905 1098 odium'.
917 1055 1007 1112 aeque
1019 1041 1049 1097 et
1060 1038 1126 1098 Sion
1138 1056 1219 1099 mona
1229 1039 1272 1097 iia
1286 1039 1377 1096 intar-

237 1143 334 1216 pretet
344 1131 507 1218 ‘temptatio
523 1142 748 1203 exacerbationis
762 1146 792 1202 et
807 1127 988 1216 speculatio'.
1011 1143 1082 1202 haec
1096 1126 1168 1202 uero
1179 1140 1378 1216 interpretatio
1479 1211 1481 1216 .

237 1244 342 1304 Latina
356 1244 431 1324 ligni
461 1246 536 1305 sacri
564 1246 725 1319 passionem
758 1245 893 1318 designat
928 1245 1041 1304 dicente
1071 1244 1220 1305 Salomone
1234 1244 1270 1303 de
1284 1243 1379 1317 ipsam

238 1345 842 1423 passionemDominiccmzcontumelia
857 1345 1379 1418 ettormentointerrogemus

202 1446 361 1519 millum,
391 1450 430 1506 ut
450 1448 610 1507 sciamus
631 1447 885 1506 reuerentiam
914 1446 1024 1506 illius
1045 1449 1082 1505 et
1103 1447 1298 1521 probemus
1319 1461 1378 1519 pa·

239 1546 415 1608 tientiam
436 1548 558 1621 ipsius
581 1551 616 1607 at
638 1551 860 1621 temptemus
883 1564 972 1621 quae
994 1550 1176 1607 euentura
1196 1549 1283 1607 sunt
1304 1546 1378 1606 illi.

241 1648 272 1709 si
294 1650 388 1709 enim
411 1665 495 1709 uere
517 1649 629 1708 lilius
651 1648 717 1707 Dei
739 1654 810 1719 ost,
834 1649 1020 1720 suscipiet
1041 1648 1165 1721 illum,
1187 1651 1223 1707 at
1244 1648 1379 1707 libera

239 1749 296 1810 bit
317 1750 424 1811 illum
447 1753 487 1810 dc
509 1750 680 1810 manibus
709 1750 996 1811 contrariorum:
1027 1752 1140 1810 morte
1163 1750 1381 1824 turpissima

238 1853 523 1915 condemnemus
544 1852 661 1912 illum.
685 1853 774 1913 haec
796 1853 1064 1925 cogitauerunt
1085 1854 1121 1911 et
1141 1851 1378 1911 errauernnt:

204 1955 459 2018 reexcaecauit
479 1954 572 2014 illos
594 1953 745 2017 malitia
772 1955 933 2026 ipsorum
956 1956 992 2014 et
1013 1970 1082 2013 non
1104 1952 1380 2013 intellexerunt

239 2058 505 2117 sacramentum
527 2054 604 2115 Dei.
632 2071 696 2115 ecce
718 2057 909 2128 temptatores
924 2055 1056 2115 Iudaeos.
1079 2053 1149 2114 item
1164 2054 1303 2128 scriptum
1318 2055 1377 2113 est:

239 2160 276 2216 ot
304 2159 586 2231 temptauerunt
613 2157 802 2216 Dominum
832 2155 870 2215 in
898 2157 979 2217 loco
1009 2158 1198 2231 inaquoso.
1233 2155 1379 2230 speculum

240 2274 319 2339 uero
336 2258 518 2318 altitudinem
540 2258 614 2332 ligni
637 2259 765 2318 declarat
787 2257 899 2318 dicante
916 2258 1080 2319 Salomone:
1103 2258 1306 2333 posuerunt
1328 2275 1377 2320 me

239 2359 345 2420 uelut
378 2360 583 2420 custodiam
616 2359 782 2434 pomarii,
816 2377 849 2420 eo
878 2362 954 2436 quod
975 2362 1006 2420 in
1034 2362 1117 2422 horto
1144 2362 1174 2420 in
1204 2360 1284 2434 ligno
1309 2377 1378 2421 con·

202 2460 316 2525 miuus
348 2462 425 2521 inter
453 2462 525 2521 duos
553 2462 679 2522 latrones
708 2461 855 2535 pependit.
890 2466 921 2522 et
942 2463 977 2522 de
998 2462 1153 2522 altitudine
1180 2462 1255 2537 ligni
1280 2462 1379 2522 ambos

238 2563 441 2638 speculabatur
470 2562 500 2621 in
529 2564 624 2638 fignrra
654 2565 774 2623 duorum
804 2564 974 2637 populorum
1008 2562 1240 2636 malefactorum,
1277 2566 1379 2637 gentes

239 2664 270 2722 in
291 2665 407 2724 saecula
427 2666 504 2724 mala
525 2664 602 2724 facta
622 2664 747 2724 iacentes
769 2669 799 2724 at
814 2665 937 2724 Iudaeos
951 2664 1150 2725 interfectores
1165 2665 1378 2739 prophetarum.

239 2767 271 2826 hi
297 2769 365 2825 sunt
390 2768 445 2826 duo
469 2765 569 2840 populi
595 2765 804 2837 malefactores,
827 2784 948 2841 quorum
974 2766 1096 2840 figuram
1116 2767 1147 2826 in
1168 2782 1200 2825 sa
1225 2766 1380 2841 portabant

240 2869 296 2927 duo
324 2867 461 2939 latrones,
491 2867 567 2926 inter
594 2868 698 2941 quibus
726 2867 865 2941 pependit
879 2869 1030 2928 innocens:
1061 2885 1134 2927 unus
1148 2868 1378 2943 blasphemabat,

309 3091 406 3159 esap.
425 3090 451 3154 2,
470 3089 581 3144 19-22.
687 3090 719 3143 17
737 3089 782 3142 Ps.
801 3089 861 3157 105,
880 3091 924 3146 14.
1029 3090 1063 3144 18
1080 3089 1158 3145 Cant
1178 3093 1202 3155 1,
1221 3092 1247 3144 6.

309 3312 327 3366 2
344 3311 586 3368 dictoaudiantiam
603 3313 692 3381 ΜΤμ,
710 3310 779 3366 dicti
797 3310 938 3366 audientia
955 3328 972 3366 c
1134 3312 1302 3367 crudelitatis
1323 3314 1349 3368 T

240 3396 408 3466 aspredinem
427 3397 465 3451 Μ
620 3395 804 3466 acuminum]
823 3396 938 3451 deumo
1094 3399 1112 3452 4
1130 3398 1303 3467 probabimus
1322 3399 1348 3451 Τ

239 3482 368 3553 populum
385 3483 514 3536 maiorem
532 3498 549 3536 o
635 3481 763 3536 bodium
781 3498 819 3549 po
909 3497 1068 3536 conuersum
1085 3500 1131 3551 μυ,
1149 3498 1292 3537 conuersus
1309 3482 1349 3537 Μ

240 3569 257 3622 6
274 3583 357 3636 acque
375 3569 412 3637 et]
431 3583 515 3636 aeque
537 3569 578 3621 To
701 3568 898 3637 interpretatur
916 3568 989 3636 Μμυ
1111 3568 1227 3637 81ignil
1245 3568 1341 3636 lingua
1359 3589 1380 3638 μ

240 3669 343 3707 sacram
361 3673 381 3722 μ
497 3651 632 3706 dicentem
651 3653 687 3707 Μ
814 3652 979 3706 salomonem
998 3653 1061 3707 ΜΤ
1179 3653 1239 3723 ipsa
1255 3653 1381 3723 passione

239 3722 320 3792 dalea
331 3756 368 3807 μυ
477 3737 676 3792 9contnmelia
693 3737 732 3807 at]
750 3737 929 3791 contumeliae
948 3737 992 3807 Τμ
1106 3737 1141 3792 10
1158 3737 1307 3793 merentia
1322 3740 1348 3793 T
1471 3802 1475 3814 ¹

181 3822 503 3892 ‚12fllius1salusa
608 3822 739 3876 liberauit
755 3821 818 3875 ΜΤ
929 3821 963 3876 13
980 3821 1069 3890 illum]
1088 3837 1184 3879 cumo
1287 3825 1320 3878 16
1338 3840 1381 3878 aa·

241 3911 378 3963 crementa
394 3908 467 3978 Μμυ
589 3908 623 3961 17
641 3907 722 3960 deum
739 3907 793 3962 Mo
909 3922 1010 3976 aquoso
1028 3908 1093 3962 ΜΤ
1205 3908 1333 3977 inaquoso
1351 3909 1381 3964 in
1462 3934 1473 3957 ι
1531 3913 1534 3920 “

240 3993 300 4048 loco
318 4013 338 4062 μ
487 3993 521 4047 18
538 4009 631 4047 uerum
653 3995 685 4057 T,
702 4009 765 4062 crgo
784 4013 804 4060 μ
950 3992 1084 4047 dicentem
1101 3995 1267 4049 salomonem
1284 3994 1322 4048 Μ
1324 3997 1350 4048 T

241 4079 275 4133 19
293 4080 396 4148 pomari
416 4079 446 4142 T,
465 4093 604 4147 pomorum
623 4098 643 4147 μ
712 4078 1159 4148 21spoen1aturo,paculabatur
1179 4081 1205 4132 Τ
1271 4079 1306 4132 22
1323 4095 1381 4134 sae

241 4163 337 4226 colim
354 4164 390 4230 cf.
408 4167 559 4233 p.105,21
664 4164 793 4234 iacentes]
812 4165 942 4218 facientes
959 4184 981 4233 μ
1084 4165 1120 4220 24
1136 4164 1208 4220 inter
1225 4181 1292 4235 quos
1309 4182 1347 4235 po

240 4249 448 4320 blasphematis
