3720 4920
391 351 419 398 11

392 483 529 567 alioquin
540 483 578 549 de
587 484 728 550 codicum
740 482 934 569 singulorum
944 480 1369 568 praestantiaacoognatioue
1380 480 1522 563 quaestio

391 595 512 660 facilior
531 596 588 661 fiat
607 596 702 677 atque
721 595 906 659 meudomm
927 593 1261 674 interpolationumque
1281 592 1362 656 nube
1382 591 1524 657 1111111111

391 706 566 771 certissima
587 705 640 770 uia
661 705 820 787 scriptoris
841 704 976 788 uestigia
990 704 1023 766 et
1037 720 1216 786 cognoscere
1236 702 1392 783 possimus
1406 701 1439 766 et
1452 719 1524 783 per-

391 817 488 898 sequi.
515 819 658 882 estuare
681 817 784 880 minor
809 834 938 896 operum
962 832 1044 896 pars,
1072 813 1174 879 libelli
1199 812 1263 877 fere
1289 831 1395 878 omues
1420 813 1523 895 priore

391 926 540 991 fasciculo
557 927 644 1005 editi,
666 926 720 1008 qui
735 925 959 990 uetustissimis
975 925 1040 989 illis
1055 924 1212 989 codicibus
1227 922 1421 988 exhibentur.
1444 939 1522 1004 quos

391 1037 436 1101 ibi
451 1056 522 1102 cum
538 1038 631 1103 duces
645 1036 824 1114 habeamus,
840 1036 899 1100 hoc
913 1034 1038 1119 negotio
1054 1035 1253 1119 supersedere
1267 1033 1332 1098 iam
1346 1049 1522 1115 possumus,

391 1149 428 1211 ut
442 1148 633 1230 reliquorum
659 1147 811 1225 codicum,
838 1148 930 1230 prout
955 1146 1011 1212 111
1036 1146 1212 1229 conspirant
1237 1145 1318 1210 inter
1332 1163 1365 1210 se
1380 1146 1437 1210 aut
1458 1143 1525 1208 dis·

390 1259 525 1340 crepant,
554 1257 691 1324 familias
717 1255 946 1334 describamus;
971 1276 1046 1322 nam
1068 1256 1101 1321 in
1122 1255 1272 1335 11111111,
1298 1255 1406 1338 quales
1430 1252 1522 1339 pauci

391 1370 473 1445 sunt,
495 1368 549 1431 ubi
564 1368 754 1449 optimorum
769 1366 901 1432 testium
916 1366 1032 1432 anulio
1048 1366 1195 1432 destituti
1209 1386 1246 1432 ex
1260 1354 1390 1448 reliquis
1405 1365 1522 1431 codici-

389 1476 448 1541 bus
468 1477 564 1543 uerba
578 1477 805 1542 constituamus
819 1495 943 1543 necasse
958 1478 1015 1555 est,
1037 1477 1144 1542 111111
1159 1496 1238 1542 unus
1254 1476 1348 1541 codex
1363 1475 1419 1542 111
1433 1474 1523 1541 nulla

389 1605 451 1651 una
476 1587 617 1652 codicum
642 1586 765 1651 familia
789 1587 834 1652 sic
856 1606 930 1668 prae
955 1587 1066 1652 ceteris
1092 1587 1226 1669 excellit,
1253 1586 1345 1651 utin
1370 1585 1523 1669 eligendis

388 1695 562 1778 scripturis,
579 1715 712 1779 quarum
726 1697 816 1762 nulla
830 1713 890 1761 non
900 1714 956 1778 per
967 1714 1000 1761 se
1012 1696 1090 1762 satis
1105 1696 1275 1780 probabilis
1289 1696 1396 1761 haberi
1411 1695 1521 1780 possit,

388 1821 424 1868 ea
446 1807 631 1872 auctoritaie
656 1807 809 1873 iudicium
834 1807 970 1890 regatur.
997 1807 1150 1888 epistulae
1175 1808 1281 1872 autem
1307 1825 1379 1871 cum
1404 1825 1522 1890 paucae

387 1914 511 1981 tentum
532 1916 565 1981 in
585 1916 741 1982 codicibus
761 1917 829 1999 pari
850 1917 1008 1982 uetustate
1031 1917 1241 1983 conmendatis
1262 1919 1392 1996 exstent,
1418 1919 1522 1999 prius-

388 2042 482 2104 quam
497 2029 668 2104 tententur,
682 2028 803 2092 cedices
818 2029 873 2109 qui
888 2028 1030 2109 equibus
1044 2028 1220 2111 archetypis
1235 2046 1289 2109 per
1304 2045 1381 2110 quas
1396 2028 1522 2093 uicissi-

387 2134 512 2200 tudines
542 2137 628 2201 ducti
658 2138 722 2203 siut
750 2139 894 2203 accurate
923 2137 1038 2202 debent
1066 2138 1262 2220 circumspici
1289 2138 1321 2202 et
1345 2138 1521 2221 ponderari.

386 2244 604 2326 progredimur
632 2246 732 2329 igitur
757 2246 797 2310 ad
821 2246 959 2326 primum
983 2247 1077 2310 huius
1102 2246 1321 2328 disputationis
1350 2249 1452 2327 caput,
1483 2246 1521 2310 ut

388 2355 545 2434 explorata
558 2356 755 2439 singulorum
769 2356 912 2420 codicum
926 2357 1041 2421 natura
1055 2376 1115 2438 qua
1129 2356 1249 2422 ratione
1261 2358 1301 2422 ad
1312 2355 1519 2422 emendandos

385 2462 510 2529 libellos
531 2482 607 2545 ques
622 2463 793 2548 Cyprianus
817 2467 909 2531 uocat
931 2466 1083 2532 tractatus
1104 2466 1200 2551 uulgo
1220 2466 1391 2548 appellatos
1415 2467 1460 2532 eis
1475 2466 1519 2532 sit

386 2573 537 2639 utendum
552 2593 748 2656 quaeramus.

762 2877 909 2998 Caput
937 2879 1148 2999 primurn.

241 3150 358 3209 copim
427 3126 533 3209 Atque
561 3127 644 3191 inter
673 3145 778 3192 omnes
804 3126 924 3192 codices
950 3128 1087 3209 primum
1114 3127 1218 3192 locum
1244 3129 1276 3191 et
1302 3127 1461 3193 uetustate
1487 3127 1521 3192 et

290 3237 312 3303 S
385 3235 566 3319 integritate
580 3237 702 3301 obtinet
716 3238 810 3302 codex
821 3236 1052 3320 Seguieriauua
1067 3255 1149 3302 nunc
1164 3237 1349 3302 Parisiensis
1364 3257 1395 3301 n.
1414 3236 1520 3303 10592

386 3344 441 3433 (=
463 3344 570 3430 Suppl.
592 3347 662 3413 Lat.
687 3348 764 3431 712)
787 3375 827 3406 =
849 3346 879 3413 S.
905 3347 988 3413 hunc
1014 3347 1133 3413 librum
1159 3367 1230 3413 cum
1256 3348 1308 3412 hic
1332 3347 1400 3414 illic
1421 3348 1522 3414 inter·

384 3457 652 3539 polatissimorum
673 3459 799 3523 uteret
823 3459 944 3523 amator
968 3458 1120 3522 librorum
1142 3458 1289 3523 Balunius
1315 3458 1521 3539 adhibuisset,

384 3567 424 3630 ad
448 3566 571 3632 libellos
592 3566 648 3632 IV.
670 3566 710 3631 V.
733 3567 789 3633 VI.
813 3566 886 3633 VII.
913 3567 1121 3651 discrepantes
1148 3568 1214 3633 eius
1239 3568 1407 3650 scripturas
1433 3570 1523 3635 tanta

384 3677 582 3761 neglegentia
602 3677 768 3760 adscripsit
782 3677 961 3762 Krabinger
981 3682 1098 3761 quanta
1117 3698 1167 3745 eas
1188 3680 1354 3764 diligentia
1368 3699 1404 3745 ex
1419 3681 1524 3746 codice

385 3785 546 3852 Woelfflin
568 3789 783 3872 descripserat,
810 3791 898 3855 cuius
919 3791 964 3856 rei
984 3791 1018 3856 in
1032 3792 1135 3856 multa
1154 3791 1250 3857 incidi
1272 3792 1422 3876 exempla,
1449 3811 1522 3858 cum

385 3897 581 3965 collationem
592 3900 683 3966 illam
694 3920 789 3983 quam
799 3901 883 3967 iuter
893 3901 1081 3986 Krabingeri
1096 3921 1190 3967 mauu
1204 3904 1321 3984 scripta
1335 3902 1524 3969 bibliotheca

385 4008 578 4074 Monacensis
604 4013 743 4077 esseruat
769 4011 962 4096 inspicerem.
990 4012 1057 4094 ipse
1078 4031 1106 4078 a.
1131 4012 1214 4077 1866
1238 4014 1270 4078 et
1293 4013 1375 4078 1868
1391 4013 1522 4078 Parisiis

386 4122 595 4186 commoratus
616 4142 689 4188 cum
711 4125 829 4191 ceteros
844 4123 1035 4191 Parisienses
1058 4123 1177 4191 codices
1199 4124 1268 4190 tum
1284 4124 1523 4209 Seguierianum

386 4248 510 4297 summa
524 4251 585 4315 qua
596 4233 644 4300 est
654 4234 769 4321 dignus
784 4253 859 4303 cura
874 4237 1003 4304 excussi.
1020 4236 1109 4305 cuius
1123 4236 1198 4303 libri
1212 4236 1329 4304 littaris
1344 4236 1520 4304 uncialibus
