3720 4920
364 383 421 446 132
832 377 1018 447 appendix.
1084 404 1088 412 ·

358 538 509 598 dilectione
536 556 605 598 snae
622 537 782 598 uoluntatis
796 540 826 597 te
842 535 999 597 coronabit.
1022 538 1136 595 tantum
1151 539 1219 594 tuno
1233 539 1266 595 ut
1280 535 1371 594 nostri
1388 534 1490 593 menri-

355 641 434 698 neris
454 641 579 714 potimus
595 644 624 699 et
645 657 769 711 oramus,
791 656 856 698 cum
870 637 1011 713 pudicitia
1024 639 1043 709 †
1057 637 1225 697 adlectionis
1240 636 1355 696 Domini
1369 636 1492 710 probata

356 745 442 818 atque
458 743 643 803 immaculata
657 742 753 802 hostia
767 744 835 801 ante
848 739 958 800 (lhmsti
974 740 1102 800 tribunal
1116 739 1274 813 adstiteris,
1290 758 1353 799 cum
1368 738 1490 812 gloriam

355 844 468 918 gratiae
494 846 548 903 Dei
574 846 699 920 praemio
726 845 847 904 deuotae
870 844 978 904 mentis
1003 861 1038 902 ac
1062 844 1319 904 remunerationem
1333 843 1488 916 exceperis,

355 946 517 1007 memoriter
542 949 660 1008 haereat
685 948 714 1007 et
739 948 882 1008 tenaciter
909 946 1043 1007 sensibus
1068 946 1127 1004 tuis
1153 949 1268 1005 maneat
1293 963 1378 1019 quam
1404 945 1511 1005 nobiae

355 1049 502 1121 impertire
529 1048 659 1122 dignaris
685 1049 800 1108 dilectio
830 1048 978 1108 caritatis:
1017 1050 1051 1106 ut
1076 1048 1254 1107 orationibus
1280 1047 1340 1106 tuis
1369 1050 1488 1119 peccata

355 1151 454 1209 nmtra
464 1151 512 1209 uel
523 1150 638 1209 ueniam
650 1154 870 1223 consequantur,
886 1152 920 1209 ut
930 1149 1043 1209 meritis
1057 1149 1185 1209 iustitiae
1196 1152 1263 1208 tuae
1279 1149 1356 1206 uitae
1371 1150 1488 1207 nostrae

354 1251 460 1311 delicta
484 1255 654 1326 purgentur.
678 1252 784 1311 etenim
810 1252 943 1326 martyrii
968 1252 1062 1311 instar
1087 1267 1151 1310 esse
1167 1250 1286 1321 confido,
1310 1253 1487 1323 peccatorem

354 1352 424 1411 iusti
449 1353 585 1427 martyris
609 1353 747 1427 petitione
762 1352 902 1413 meruisse
924 1353 1041 1423 seluari,
1057 1356 1087 1412 et
1101 1356 1134 1411 ut
1149 1369 1212 1411 cum
1227 1351 1288 1424 ipse
1303 1367 1355 1425 pro
1374 1353 1403 1409 ts
1417 1368 1486 1424 pro·

353 1471 465 1514 mouere
481 1455 551 1528 quid
565 1454 697 1528 precibus
712 1455 771 1514 tuis
786 1455 882 1514 minus
896 1454 990 1529 possis
1005 1454 1140 1529 martyris
1155 1453 1267 1513 meritis
1282 1452 1422 1513 libereris.
1445 1453 1487 1512 sic
1498 1470 1524 1508 ro

352 1556 404 1615 Iob
426 1556 521 1615 iustus
536 1573 587 1629 pro
614 1557 770 1616 amicornm
784 1557 873 1616 trium
888 1557 1014 1629 peccatis
1029 1575 1046 1617 a
1061 1557 1120 1616 Deo
1137 1559 1289 1630 rogaturus
1304 1557 1334 1614 et
1348 1556 1487 1629 impetra·

352 1660 435 1716 turus
460 1657 633 1728 ostenditur,
660 1660 691 1716 et
710 1658 842 1730 probatio
865 1657 979 1718 timoris
994 1657 1056 1717 eius
1071 1662 1101 1717 et
1115 1658 1181 1716 fidei
1198 1657 1310 1716 Domini
1326 1674 1394 1715 uoce
1410 1661 1484 1715 testo

352 1757 494 1831 signatur.
519 1776 582 1817 cum
604 1776 672 1833 ergo
696 1759 726 1817 in
741 1760 786 1818 die
802 1758 983 1819 liberationis
997 1761 1075 1830 tuae,
1091 1760 1248 1831 carissime,
1269 1760 1486 1832 repraesentare

351 1862 380 1918 te
397 1859 505 1919 Christi
530 1859 661 1920 uultibus
687 1861 824 1934 coeperis,
851 1877 917 1920 cum
932 1860 963 1919 in
985 1862 1186 1920 aeternitatem
1208 1859 1486 1935 perpetuitatemque

354 1961 469 2020 uiuendi
496 1979 618 2035 regnare
646 1981 709 2022 cum
734 1963 848 2022 Christo
875 1964 955 2023 felici
981 1965 1058 2022 sorte
1084 1965 1266 2033 successeris,
1293 1981 1344 2036 pro
1369 1962 1483 2022 Domini
1495 1981 1521 2019 rs

351 2063 547 2122 misericordia
560 2064 590 2122 iu
607 2068 702 2124 mente
717 2066 851 2123 mohabe
867 2065 982 2124 Celsum
997 2082 1116 2138 puerum
1132 2072 1222 2137 tuum,
1238 2063 1428 2124 sanctissime.

423 2381 437 2433 1
456 2395 504 2432 sue
522 2383 549 2433 et
567 2380 594 2432 Ζ
715 2380 753 2449 te]
773 2383 801 2433 et
819 2381 877 2445 ΖΡ,
896 2367 924 2434 et
941 2400 969 2449 p,
988 2384 1016 2435 et
1033 2397 1094 2448 sap.
1111 2387 1135 2436 εἱ
1268 2379 1407 2437 coronabis
1429 2380 1454 2434 T

351 2464 543 2516 tenetentum
563 2464 591 2517 Z
668 2465 686 2516 2
704 2468 735 2517 ut
753 2480 814 2518 cnm
832 2465 858 2518 Z
943 2466 1040 2534 pudica
1056 2468 1089 2530 Z,
1108 2468 1202 2535 pudice
1220 2467 1293 2530 But,
1312 2467 1412 2520 iudicio
1431 2487 1451 2534 μ

351 2571 392 2599 m
403 2546 564 2600 adlectionis
583 2548 615 2612 Τ,
633 2547 788 2602 dilectionis
805 2550 837 2614 Z,
857 2550 997 2603 electionis
1014 2570 1035 2617 μ
1212 2551 1230 2605 3
1248 2551 1343 2605 christi
1362 2567 1411 2606 one.
1430 2571 1450 2619 μ

350 2631 368 2684 4
386 2633 535 2699 praemium
553 2650 570 2687 c
685 2634 724 2703 ac]
744 2634 778 2686 ad
796 2639 808 2687 t
920 2635 1143 2688 remunerationis
1161 2634 1205 2704 Τμ
1317 2636 1447 2704 acceperis
1459 2653 1483 2699 c,

352 2716 452 2785 ceperis
471 2718 496 2769 Z
651 2718 669 2772 5
686 2719 829 2772 memoriae
846 2719 888 2773 Ze
1047 2720 1180 2774 tonanter
1197 2726 1238 2788 tp,
1257 2725 1363 2774 cemeat
1380 2720 1433 2774 iter
1452 2720 1483 2784 T,

349 2802 514 2856 intonatiuur
533 2802 559 2855 Z
684 2804 713 2856 in
732 2805 855 2857 sensibus
873 2805 914 2857 Zo
1053 2805 1070 2857 6
1086 2803 1197 2858 dilectio
1216 2806 1338 2859 caritatis
1356 2822 1406 2860 om.
1426 2806 1453 2858 Z

349 2887 365 2939 ‘l
385 2887 430 2941 uel
448 2904 498 2942 om.
517 2887 592 2956 Zipo
702 2889 809 2957 equod
827 2889 899 2943 enim
918 2890 946 2943 Ζ
1040 2890 1058 2944 9
1075 2890 1204 2959 martyris
1221 2907 1271 2945 om.
1290 2890 1355 2945 Bal.
1453 2893 1485 2943 ut

349 2974 378 3025 et
396 2972 461 3026 Bal.
556 2988 604 3042 pro
622 2975 649 3026 te
667 2975 831 3042 promouere]
851 2975 996 3042 promereri
1014 2975 1077 3029 Bal.
1096 2991 1132 3028 ex
1149 2990 1165 3027 r
1263 2976 1295 3028 11
1312 2975 1412 3029 iustius
1430 2995 1449 3043 μ

350 3058 378 3110 ct
396 3058 591 3126 impetraturus
609 3073 660 3114 orn.
681 3059 709 3113 Ζ
828 3059 862 3112 12
879 3058 983 3113 domini
1002 3076 1067 3115 uoce
1084 3060 1163 3128 teste]
1183 3042 1245 3114 dffi
1252 3063 1408 3130 protegente
1425 3060 1453 3112 Z

350 3142 384 3196 14
402 3141 535 3212 uultibus]
554 3142 690 3197 militibus
708 3144 735 3197 Ζ
837 3159 898 3199 cum
915 3145 945 3199 in
963 3146 1013 3213 aa]
1031 3145 1201 3199 coeternitati
1219 3146 1246 3199 Z
1350 3146 1484 3214 perpetui·

348 3229 459 3295 umque
477 3243 540 3295 exp.
559 3233 570 3282 t
717 3229 752 3283 15
769 3227 889 3298 uiuendi]
908 3229 1035 3283 seniendi
1053 3230 1081 3283 Ζ
1227 3245 1274 3298 pro
1293 3230 1324 3297 T,
1342 3231 1372 3283 in
1390 3229 1450 3298 th

349 3313 383 3366 16
400 3328 443 3367 me
460 3328 510 3368 om.
530 3313 563 3378 Ζ,
581 3313 671 3369 mmo
839 3315 939 3369 celsum
959 3314 1036 3384 ΤΖμ,
1055 3315 1178 3370 cecilium
1196 3321 1208 3369 t
1226 3322 1252 3370 ct
1270 3314 1449 3385 Remipioaae

349 3396 526 3467 memmius]
546 3398 684 3451 eunome
702 3400 734 3452 z.
754 3427 785 3439 -
807 3400 852 3453 ro
876 3399 988 3466 (caeru
1006 3399 1135 3469 cyprum
1153 3399 1197 3463 ao)
1216 3399 1350 3468 vigilium
1373 3384 1433 3468 effi
1451 3400 1484 3453 oe

347 3479 455 3535 ruodo
471 3481 663 3536 mersurus
680 3483 792 3553 explicit
809 3483 867 3549 na,
892 3483 1012 3553 expuere
1035 3484 1069 3539 eo
1093 3483 1226 3555 vigilium
1251 3468 1311 3554 ορῖᾶ
1327 3483 1360 3538 oe
1377 3485 1484 3538 iudom

347 3566 538 3622 incredulitate
551 3575 575 3633 t,
595 3583 646 3622 om.
664 3589 693 3637 μ.
715 3600 746 3611 -
