3720 4920
823 391 992 448 Carmina.

526 550 652 625 Tempus
668 551 744 610 enim
760 551 955 622 mutuemus,
971 550 1079 624 digerit
1093 548 1190 609 emnia
1204 552 1330 623 tempus.

530 652 611 712 Tune
627 653 718 726 igitur
733 670 797 712 eum
812 656 842 711 te
858 652 990 712 consulta
1002 652 1148 710 reduxerit
1163 653 1255 723 aetus,

530 754 616 815 Dieee
631 755 690 816 Deo
706 773 823 815 seruare
839 755 934 828 fidem,
949 771 985 814 ne
1000 754 1076 815 forte
1089 753 1137 812 bis
1150 771 1238 813 uuum

528 857 664 917 Incurras
678 858 803 931 lapsum,
819 859 968 932 quieuere
984 856 1089 916 dieitur
1103 856 1191 915 illud:

467 958 512 1016 80
533 957 589 1027 Qui
603 960 685 1031 pedis
700 960 806 1020 utiensi
817 960 944 1034 lapidem
959 959 1052 1019 uitare
1067 959 1189 1018 seeundo

530 1061 632 1120 Nescit
647 1066 676 1121 et
691 1062 824 1122 incautus
839 1063 943 1122 iterum
959 1064 1107 1121 uexauerit
1121 1065 1213 1134 artus,

530 1162 659 1236 Imputet
673 1164 741 1236 ipse
751 1164 807 1224 sibi
823 1182 876 1223 nee
889 1165 1004 1224 casibus
1018 1163 1140 1239 imputet
1154 1165 1234 1223 ullis.

530 1264 648 1337 Corripe
664 1265 801 1325 delictum
815 1265 960 1337 fidamiue,
976 1267 1087 1340 corrige
1101 1269 1235 1327 mentem.

530 1365 648 1426 Sutieeit
662 1384 779 1440 peecare
794 1369 893 1440 semel,
910 1368 1017 1428 desiste
1031 1369 1138 1428 uereri:

539 1466 606 1526 Neu
621 1467 678 1526 erit
691 1469 723 1526 in
738 1467 823 1543 eulpa
836 1487 921 1544 quem
935 1470 1062 1544 paenitet
1076 1474 1143 1530 aute
1157 1470 1258 1531 fuisse.

799 1695 1005 1705 *—

747 2020 781 2078 V.
809 2021 860 2079 DE
883 2020 1043 2082 Pascite.

532 2223 592 2305 Est
605 2247 686 2306 loeus
701 2264 734 2305 ex
751 2250 828 2307 omui
842 2251 953 2309 medius
968 2267 1053 2323 quem
1068 2250 1209 2309 eredimus
1226 2251 1303 2324 orbe,

531 2347 672 2424 Golgetha
687 2350 788 2409 Iudaei
803 2352 897 2424 patrio
912 2351 1079 2424 cognomine
1095 2351 1209 2411 dieunt:

532 2453 589 2513 Hie
604 2470 657 2526 ego
672 2455 708 2511 de
724 2453 819 2512 sterili
835 2455 978 2513 succisum
992 2454 1093 2512 robore
1107 2454 1219 2527 liguum

534 2552 703 2613 Planisium
718 2554 835 2613 memini
850 2554 962 2614 fruetus
976 2555 1111 2629 genuisse
1126 2554 1273 2614 salubres:

492 2652 514 2717 5
535 2655 599 2715 Non
615 2659 712 2715 tamen
725 2656 781 2716 boe
796 2639 857 2715 illis
873 2657 922 2731 qui
937 2674 967 2715 se
983 2673 1104 2731 posuere
1119 2656 1213 2717 uoloni

533 2757 681 2829 Praebuit,
697 2758 808 2817 externi
823 2758 937 2818 fruetus
951 2759 1077 2819 habuere
1092 2760 1202 2819 beatos.

532 2859 654 2919 Arboris
670 2860 740 2919 haee
754 2860 881 2939 speeies:
898 2877 953 2920 uuo
969 2862 1004 2920 de
1019 2860 1119 2935 stipite
1133 2862 1228 2936 surgit

532 2961 572 3019 Et
588 2979 652 3020 mox
668 2960 698 3019 in
714 2963 845 3034 geminos
861 2963 991 3022 extendit
1004 2963 1124 3023 brachia
1138 2981 1242 3035 rames,

531 3063 612 3120 Sient
627 3063 713 3136 plena
727 3080 833 3137 graues
849 3069 999 3124 antemnae
1015 3066 1135 3124 carbasa
1149 3066 1273 3124 tendunt

469 3165 511 3222 10
532 3163 587 3222 Vel
602 3182 666 3223 eum
682 3165 835 3226 disiunctis
858 3168 927 3240 iuga
941 3168 1060 3227 suntab
1075 3171 1170 3227 aratro
1186 3168 1324 3228 iuuencis.

540 3265 629 3335 Quem
645 3267 714 3325 tulit
728 3269 783 3326 hoe
797 3268 891 3342 primo
906 3272 1017 3329 maturo
1032 3270 1139 3329 semine
1154 3270 1268 3343 lapsum

536 3367 673 3443 Concepit
687 3369 791 3430 tellus:
814 3389 879 3431 mox
895 3371 963 3431 bine
978 3372 1121 3448 (mirabile
1137 3367 1230 3454 dictu)

416 3667 521 3737 Incipit
544 3669 674 3739 hymnum
693 3670 725 3724 de
743 3671 843 3737 pascha
860 3672 902 3733 M,
926 3672 1029 3741 Incipit
1051 3671 1084 3726 de
1107 3673 1206 3741 paseha
1224 3673 1260 3739 E,
1284 3674 1326 3727 De
1343 3690 1419 3728 eruce
1435 3674 1481 3729 do·

344 3755 415 3808 mini
432 3754 478 3808 uei
495 3755 527 3809 de
544 3754 620 3825 ligno
638 3755 712 3809 uitae
730 3757 814 3810 inser.
832 3773 857 3810 e.
877 3789 909 3796 -
929 3760 945 3810 1
963 3758 1081 3812 medium
1098 3777 1116 3814 u
1187 3757 1329 3828 eredimus]
1349 3761 1481 3814 cernimus

351 3839 502 3895 Fabricius
617 3842 634 3893 3
652 3841 742 3894 stereli
762 3841 798 3904 M,
816 3838 918 3896 ¹sterilis
936 3843 973 3898 M
1086 3845 1219 3899 succisum
1236 3846 1327 3900 Aldus
1344 3845 1393 3914 put
1408 3844 1483 3899 buter

345 3927 424 3982 Peet.
443 3928 535 3982 ebriet.
548 3943 633 3995 quera
645 3944 670 3980 a.
685 3932 752 3981 1501
768 3929 877 3996 primas
894 3930 943 3983 bec
955 3946 1065 3983 eumen
1082 3929 1177 3993 edidit,
1195 3931 1296 3984 sueciae
1307 3930 1367 3995 Ee,
1379 3944 1481 3982 suem·

350 4028 395 4066 ser
412 4013 492 4066 ubere
510 4013 615 4081 lignum
634 4013 672 4067 Μ
749 4014 920 4083 4gemuisse
936 4015 973 4068 M
1049 4016 1133 4070 bboc
1150 4017 1192 4082 M,
1209 4016 1255 4071 hie
1272 4016 1303 4070 E
1375 4014 1483 4069 esionae

354 4098 424 4162 EM,
442 4099 543 4153 colonie
560 4099 650 4152 Aldus
771 4100 948 4154 ”Iarboribus
965 4102 1002 4155 M
1118 4106 1243 4157 eramus
1261 4102 1292 4153 M
1417 4099 1483 4153 9ae

346 4185 420 4239 sieut
439 4183 470 4238 Ε
572 4187 664 4253 grauis
681 4185 713 4238 E
814 4191 947 4240 anteme
964 4203 982 4240 u
1091 4188 1124 4241 10
1141 4190 1205 4241 sunt
1223 4187 1257 4241 sui
1275 4189 1366 4241 aram
1382 4185 1482 4249 Aldus,

351 4273 429 4325 stant
446 4271 481 4325 ad
498 4272 589 4324 aratra
605 4269 756 4325 Febss'eius
912 4272 946 4327 11
964 4287 1042 4342 quem
1059 4273 1160 4339 Aldus,
1183 4288 1235 4343 quo
1253 4272 1325 4339 EM,
1342 4270 1414 4343 qued
1431 4288 1449 4327 v

445 4378 526 4427 um
1231 4367 1275 4427 20
