<?xml version="1.0" encoding="UTF-8"?>
<!DOCTYPE html PUBLIC "-//W3C//DTD XHTML 1.0 Transitional//EN"
    "http://www.w3.org/TR/xhtml1/DTD/xhtml1-transitional.dtd">
<html xmlns="http://www.w3.org/1999/xhtml" xml:lang="en" lang="en">
 <head>
  <title>
</title>
<meta http-equiv="Content-Type" content="text/html;charset=utf-8" />
  <meta name='ocr-system' content='tesseract 3.04.00' />
  <meta name='ocr-capabilities' content='ocr_page ocr_carea ocr_par ocr_line ocrx_word'/>
</head>
<body>
  <div class='ocr_page' id='page_1' title='image "./sthascicaecilic00cyprgoog_0222.png"; bbox 0 0 3720 4920; ppageno 0'>
   <div class='ocr_carea' id='block_1_1' title="bbox 607 350 1418 426">
    <p class='ocr_par' dir='ltr' id='par_1_1' title="bbox 607 350 1418 426">
     <span class='ocr_line' id='line_1_1' title="bbox 607 350 1418 426; baseline 0.007 -22"><span class='ocrx_word' id='word_1_1' title='bbox 607 353 653 404; x_wconf 86' lang='lat' dir='ltr'><strong>De</strong></span> <span class='ocrx_word' id='word_1_2' title='bbox 671 350 924 419; x_wconf 69' lang='lat' dir='ltr'><strong>rebaptismate</strong></span> <span class='ocrx_word' id='word_1_3' title='bbox 947 369 970 406; x_wconf 85' lang='lat' dir='ltr'><strong>c</strong></span> <span class='ocrx_word' id='word_1_4' title='bbox 989 353 1099 409; x_wconf 84' lang='grc'><strong>16-18.</strong></span> <span class='ocrx_word' id='word_1_5' title='bbox 1380 361 1418 426; x_wconf 86' lang='lat'><strong>91</strong></span> 
     </span>
    </p>
   </div>
   <div class='ocr_carea' id='block_1_2' title="bbox 245 508 1530 3646">
    <p class='ocr_par' dir='ltr' id='par_1_2' title="bbox 245 508 1530 3646">
     <span class='ocr_line' id='line_1_2' title="bbox 280 508 1423 589; baseline 0.003 -20"><span class='ocrx_word' id='word_1_6' title='bbox 280 508 365 584; x_wconf 73' lang='lat' dir='ltr'><strong>gulos</strong></span> <span class='ocrx_word' id='word_1_7' title='bbox 387 508 505 583; x_wconf 78' lang='lat' dir='ltr'><strong>linguae</strong></span> <span class='ocrx_word' id='word_1_8' title='bbox 530 510 613 583; x_wconf 82' lang='lat' dir='ltr'><strong>qnasi</strong></span> <span class='ocrx_word' id='word_1_9' title='bbox 635 510 726 585; x_wconf 77' lang='lat' dir='ltr'><strong>ignis,</strong></span> <span class='ocrx_word' id='word_1_10' title='bbox 750 512 784 569; x_wconf 90' lang='lat' dir='ltr'><strong>ut</strong></span> <span class='ocrx_word' id='word_1_11' title='bbox 804 513 950 571; x_wconf 86' lang='lat' dir='ltr'><strong>constaret</strong></span> <span class='ocrx_word' id='word_1_12' title='bbox 965 527 1015 572; x_wconf 90' lang='lat' dir='ltr'><strong>eos</strong></span> <span class='ocrx_word' id='word_1_13' title='bbox 1028 512 1133 586; x_wconf 89' lang='lat' dir='ltr'><strong>spiritu</strong></span> <span class='ocrx_word' id='word_1_14' title='bbox 1148 516 1249 574; x_wconf 87' lang='lat' dir='ltr'><strong>sancto</strong></span> <span class='ocrx_word' id='word_1_15' title='bbox 1264 518 1295 573; x_wconf 89' lang='lat' dir='ltr'><strong>et</strong></span> <span class='ocrx_word' id='word_1_16' title='bbox 1309 514 1340 572; x_wconf 92' lang='lat' dir='ltr'><strong>in</strong></span> <span class='ocrx_word' id='word_1_17' title='bbox 1355 514 1423 589; x_wconf 77' lang='lat' dir='ltr'><strong>igne</strong></span> 
     </span>
     <span class='ocr_line' id='line_1_3' title="bbox 279 611 1421 691; baseline 0.005 -20"><span class='ocrx_word' id='word_1_18' title='bbox 279 611 452 686; x_wconf 75' lang='lat' dir='ltr'><strong>baptizatos,</strong></span> <span class='ocrx_word' id='word_1_19' title='bbox 478 614 533 671; x_wconf 90' lang='lat' dir='ltr'><strong>hoc</strong></span> <span class='ocrx_word' id='word_1_20' title='bbox 552 617 599 672; x_wconf 87' lang='lat' dir='ltr'><strong>est</strong></span> <span class='ocrx_word' id='word_1_21' title='bbox 620 629 653 673; x_wconf 95' lang='lat' dir='ltr'><strong>eo</strong></span> <span class='ocrx_word' id='word_1_22' title='bbox 673 613 781 688; x_wconf 90' lang='lat' dir='ltr'><strong>spiritu</strong></span> <span class='ocrx_word' id='word_1_23' title='bbox 808 613 858 687; x_wconf 84' lang='lat' dir='ltr'><strong>qui</strong></span> <span class='ocrx_word' id='word_1_24' title='bbox 884 615 962 674; x_wconf 88' lang='lat' dir='ltr'><strong>esset</strong></span> <span class='ocrx_word' id='word_1_25' title='bbox 982 613 1045 674; x_wconf 88' lang='lat' dir='ltr'><strong>sine</strong></span> <span class='ocrx_word' id='word_1_26' title='bbox 1067 614 1144 688; x_wconf 76' lang='lat' dir='ltr'><strong>ignis</strong></span> <span class='ocrx_word' id='word_1_27' title='bbox 1159 613 1221 675; x_wconf 89' lang='lat' dir='ltr'><strong>siue</strong></span> <span class='ocrx_word' id='word_1_28' title='bbox 1237 616 1320 690; x_wconf 89' lang='lat' dir='ltr'><strong>quasi</strong></span> <span class='ocrx_word' id='word_1_29' title='bbox 1334 616 1421 691; x_wconf 66' lang='grc' dir='ltr'><strong>191ιί1,</strong></span> 
     </span>
     <span class='ocr_line' id='line_1_4' title="bbox 282 713 1422 796; baseline 0.004 -22"><span class='ocrx_word' id='word_1_30' title='bbox 282 713 377 790; x_wconf 87' lang='lat' dir='ltr'><strong>qualia</strong></span> <span class='ocrx_word' id='word_1_31' title='bbox 399 713 475 789; x_wconf 79' lang='lat' dir='ltr'><strong>ignis</strong></span> <span class='ocrx_word' id='word_1_32' title='bbox 499 713 556 773; x_wconf 82' lang='lat' dir='ltr'><strong>ruit</strong></span> <span class='ocrx_word' id='word_1_33' title='bbox 580 714 676 796; x_wconf 89' lang='lat' dir='ltr'><strong>quiin</strong></span> <span class='ocrx_word' id='word_1_34' title='bbox 691 716 762 776; x_wconf 91' lang='lat' dir='ltr'><strong>rubo</strong></span> <span class='ocrx_word' id='word_1_35' title='bbox 778 716 899 775; x_wconf 77' lang='lat' dir='ltr'><strong>ardebat</strong></span> <span class='ocrx_word' id='word_1_36' title='bbox 913 718 944 775; x_wconf 91' lang='lat' dir='ltr'><strong>et</strong></span> <span class='ocrx_word' id='word_1_37' title='bbox 958 716 1062 775; x_wconf 90' lang='lat' dir='ltr'><strong>rubum</strong></span> <span class='ocrx_word' id='word_1_38' title='bbox 1077 733 1134 776; x_wconf 92' lang='lat' dir='ltr'><strong>non</strong></span> <span class='ocrx_word' id='word_1_39' title='bbox 1149 719 1335 778; x_wconf 88' lang='lat' dir='ltr'><strong>comburebat</strong></span> <span class='ocrx_word' id='word_1_40' title='bbox 1350 735 1422 791; x_wconf 88' lang='lat' dir='ltr'><strong>qua·</strong></span> 
     </span>
     <span class='ocr_line' id='line_1_5' title="bbox 282 814 1422 894; baseline 0.004 -20"><span class='ocrx_word' id='word_1_41' title='bbox 282 814 376 891; x_wconf 85' lang='lat' dir='ltr'><strong>lisque</strong></span> <span class='ocrx_word' id='word_1_42' title='bbox 392 818 437 875; x_wconf 91' lang='lat' dir='ltr'><strong>est</strong></span> <span class='ocrx_word' id='word_1_43' title='bbox 451 815 503 877; x_wconf 91' lang='lat' dir='ltr'><strong>ille</strong></span> <span class='ocrx_word' id='word_1_44' title='bbox 525 816 604 891; x_wconf 74' lang='lat' dir='ltr'><strong>ignis</strong></span> <span class='ocrx_word' id='word_1_45' title='bbox 619 818 669 891; x_wconf 87' lang='lat' dir='ltr'><strong>qui</strong></span> <span class='ocrx_word' id='word_1_46' title='bbox 685 821 731 876; x_wconf 90' lang='lat' dir='ltr'><strong>est</strong></span> <span class='ocrx_word' id='word_1_47' title='bbox 745 818 914 892; x_wconf 81' lang='lat' dir='ltr'><strong>angelornm</strong></span> <span class='ocrx_word' id='word_1_48' title='bbox 928 817 1060 893; x_wconf 86' lang='lat' dir='ltr'><strong>spiritns,</strong></span> <span class='ocrx_word' id='word_1_49' title='bbox 1085 817 1161 878; x_wconf 88' lang='lat' dir='ltr'><strong>sicut</strong></span> <span class='ocrx_word' id='word_1_50' title='bbox 1175 819 1319 894; x_wconf 87' lang='lat' dir='ltr'><strong>scriptura</strong></span> <span class='ocrx_word' id='word_1_51' title='bbox 1333 819 1422 879; x_wconf 88' lang='lat' dir='ltr'><strong>dicit:</strong></span> 
     </span>
     <span class='ocr_line' id='line_1_6' title="bbox 260 917 1424 996; baseline 0.003 -20"><span class='ocrx_word' id='word_1_52' title='bbox 260 917 346 994; x_wconf 81' lang='lat' dir='ltr'><strong>aqui</strong></span> <span class='ocrx_word' id='word_1_53' title='bbox 374 918 469 978; x_wconf 80' lang='lat' dir='ltr'><strong>facit</strong></span> <span class='ocrx_word' id='word_1_54' title='bbox 498 920 654 993; x_wconf 77' lang='lat' dir='ltr'><strong>angelos</strong></span> <span class='ocrx_word' id='word_1_55' title='bbox 685 936 772 980; x_wconf 86' lang='lat' dir='ltr'><strong>suos</strong></span> <span class='ocrx_word' id='word_1_56' title='bbox 795 921 960 994; x_wconf 89' lang='lat' dir='ltr'><strong>spiritns</strong></span> <span class='ocrx_word' id='word_1_57' title='bbox 982 923 1018 979; x_wconf 86' lang='lat' dir='ltr'><strong>et</strong></span> <span class='ocrx_word' id='word_1_58' title='bbox 1040 921 1238 982; x_wconf 87' lang='lat' dir='ltr'><strong>ministros</strong></span> <span class='ocrx_word' id='word_1_59' title='bbox 1260 937 1347 980; x_wconf 88' lang='lat' dir='ltr'><strong>suos</strong></span> <span class='ocrx_word' id='word_1_60' title='bbox 1369 921 1424 996; x_wconf 80' lang='lat' dir='ltr'><strong>ig·</strong></span> 
     </span>
     <span class='ocr_line' id='line_1_7' title="bbox 280 1022 1423 1099; baseline 0.003 -18"><span class='ocrx_word' id='word_1_61' title='bbox 280 1039 359 1083; x_wconf 86' lang='lat' dir='ltr'><strong>nem</strong></span> <span class='ocrx_word' id='word_1_62' title='bbox 381 1023 580 1084; x_wconf 89' lang='lat' dir='ltr'><strong>ardentem.</strong></span> <span class='ocrx_word' id='word_1_63' title='bbox 604 1023 736 1084; x_wconf 90' lang='lat' dir='ltr'><strong>cuicum</strong></span> <span class='ocrx_word' id='word_1_64' title='bbox 760 1024 866 1085; x_wconf 90' lang='lat' dir='ltr'><strong>similis</strong></span> <span class='ocrx_word' id='word_1_65' title='bbox 889 1025 941 1083; x_wconf 85' lang='lat' dir='ltr'><strong>aut</strong></span> <span class='ocrx_word' id='word_1_66' title='bbox 963 1024 1058 1084; x_wconf 89' lang='lat' dir='ltr'><strong>socius</strong></span> <span class='ocrx_word' id='word_1_67' title='bbox 1081 1026 1132 1084; x_wconf 91' lang='lat' dir='ltr'><strong>ant</strong></span> <span class='ocrx_word' id='word_1_68' title='bbox 1155 1024 1300 1099; x_wconf 73' lang='lat' dir='ltr'><strong>particeps</strong></span> <span class='ocrx_word' id='word_1_69' title='bbox 1322 1022 1423 1098; x_wconf 79' lang='lat' dir='ltr'><strong>fueris,</strong></span> 
     </span>
     <span class='ocr_line' id='line_1_8' title="bbox 280 1122 1423 1200; baseline 0.003 -17"><span class='ocrx_word' id='word_1_70' title='bbox 280 1123 391 1198; x_wconf 87' lang='lat' dir='ltr'><strong>poteris</strong></span> <span class='ocrx_word' id='word_1_71' title='bbox 405 1122 517 1184; x_wconf 89' lang='lat' dir='ltr'><strong>nullum</strong></span> <span class='ocrx_word' id='word_1_72' title='bbox 532 1123 629 1198; x_wconf 76' lang='lat' dir='ltr'><strong>ignem</strong></span> <span class='ocrx_word' id='word_1_73' title='bbox 644 1125 746 1185; x_wconf 86' lang='lat' dir='ltr'><strong>timere</strong></span> <span class='ocrx_word' id='word_1_74' title='bbox 761 1143 814 1185; x_wconf 93' lang='lat' dir='ltr'><strong>nec</strong></span> <span class='ocrx_word' id='word_1_75' title='bbox 828 1125 912 1185; x_wconf 90' lang='lat' dir='ltr'><strong>illum</strong></span> <span class='ocrx_word' id='word_1_76' title='bbox 924 1125 1039 1200; x_wconf 86' lang='lat' dir='ltr'><strong>quidem</strong></span> <span class='ocrx_word' id='word_1_77' title='bbox 1055 1126 1104 1200; x_wconf 88' lang='lat' dir='ltr'><strong>qni</strong></span> <span class='ocrx_word' id='word_1_78' title='bbox 1119 1127 1290 1186; x_wconf 74' lang='lat' dir='ltr'><strong>antecedens</strong></span> <span class='ocrx_word' id='word_1_79' title='bbox 1302 1126 1423 1187; x_wconf 89' lang='lat' dir='ltr'><strong>Domino</strong></span> 
     </span>
     <span class='ocr_line' id='line_1_9' title="bbox 281 1222 1420 1302; baseline 0.003 -18"><span class='ocrx_word' id='word_1_80' title='bbox 281 1225 313 1284; x_wconf 92' lang='lat' dir='ltr'><strong>in</strong></span> <span class='ocrx_word' id='word_1_81' title='bbox 327 1222 374 1284; x_wconf 93' lang='lat' dir='ltr'><strong>die</strong></span> <span class='ocrx_word' id='word_1_82' title='bbox 389 1225 488 1286; x_wconf 92' lang='lat' dir='ltr'><strong>indicii</strong></span> <span class='ocrx_word' id='word_1_83' title='bbox 503 1227 692 1300; x_wconf 75' lang='lat' dir='ltr'><strong>conflagrabit</strong></span> <span class='ocrx_word' id='word_1_84' title='bbox 707 1230 801 1287; x_wconf 90' lang='lat' dir='ltr'><strong>totum</strong></span> <span class='ocrx_word' id='word_1_85' title='bbox 817 1228 915 1287; x_wconf 92' lang='lat' dir='ltr'><strong>orbem</strong></span> <span class='ocrx_word' id='word_1_86' title='bbox 936 1229 1030 1287; x_wconf 90' lang='lat' dir='ltr'><strong>terrae</strong></span> <span class='ocrx_word' id='word_1_87' title='bbox 1045 1228 1153 1300; x_wconf 80' lang='lat' dir='ltr'><strong>absque</strong></span> <span class='ocrx_word' id='word_1_88' title='bbox 1164 1225 1268 1302; x_wconf 88' lang='lat' dir='ltr'><strong>eisqui</strong></span> <span class='ocrx_word' id='word_1_89' title='bbox 1279 1226 1420 1302; x_wconf 77' lang='lat' dir='ltr'><strong>baptizati</strong></span> 
     </span>
     <span class='ocr_line' id='line_1_10' title="bbox 281 1327 762 1403; baseline 0.002 -16"><span class='ocrx_word' id='word_1_90' title='bbox 281 1328 350 1387; x_wconf 88' lang='lat' dir='ltr'><strong>sunt</strong></span> <span class='ocrx_word' id='word_1_91' title='bbox 365 1327 396 1385; x_wconf 93' lang='lat' dir='ltr'><strong>in</strong></span> <span class='ocrx_word' id='word_1_92' title='bbox 410 1327 516 1401; x_wconf 91' lang='lat' dir='ltr'><strong>spiritu</strong></span> <span class='ocrx_word' id='word_1_93' title='bbox 530 1331 629 1387; x_wconf 91' lang='lat' dir='ltr'><strong>sancto</strong></span> <span class='ocrx_word' id='word_1_94' title='bbox 644 1331 675 1388; x_wconf 90' lang='lat' dir='ltr'><strong>et</strong></span> <span class='ocrx_word' id='word_1_95' title='bbox 690 1329 762 1403; x_wconf 74' lang='lat' dir='ltr'><strong>igni.</strong></span> 
     </span>
     <span class='ocr_line' id='line_1_11' title="bbox 247 1429 1473 1506; baseline 0.001 -17"><span class='ocrx_word' id='word_1_96' title='bbox 247 1446 274 1488; x_wconf 85' lang='lat' dir='ltr'><strong>re</strong></span> <span class='ocrx_word' id='word_1_97' title='bbox 325 1429 365 1490; x_wconf 76' lang='lat' dir='ltr'><strong>nt</strong></span> <span class='ocrx_word' id='word_1_98' title='bbox 383 1429 550 1490; x_wconf 88' lang='lat' dir='ltr'><strong>homiuibus</strong></span> <span class='ocrx_word' id='word_1_99' title='bbox 572 1431 689 1505; x_wconf 88' lang='lat' dir='ltr'><strong>quidem</strong></span> <span class='ocrx_word' id='word_1_100' title='bbox 713 1430 835 1505; x_wconf 89' lang='lat' dir='ltr'><strong>spiritus</strong></span> <span class='ocrx_word' id='word_1_101' title='bbox 857 1433 1024 1506; x_wconf 89' lang='lat' dir='ltr'><strong>perseuerat</strong></span> <span class='ocrx_word' id='word_1_102' title='bbox 1045 1431 1129 1492; x_wconf 85' lang='lat' dir='ltr'><strong>bodie</strong></span> <span class='ocrx_word' id='word_1_103' title='bbox 1154 1431 1320 1503; x_wconf 86' lang='lat' dir='ltr'><strong>inuisibilis,</strong></span> <span class='ocrx_word' id='word_1_104' title='bbox 1345 1431 1422 1491; x_wconf 91' lang='lat' dir='ltr'><strong>sicut</strong></span> <span class='ocrx_word' id='word_1_105' title='bbox 1433 1429 1473 1490; x_wconf 86' lang='lat'><strong>18</strong></span> 
     </span>
     <span class='ocr_line' id='line_1_12' title="bbox 280 1531 1424 1607; baseline 0 -14"><span class='ocrx_word' id='word_1_106' title='bbox 280 1531 421 1593; x_wconf 88' lang='lat' dir='ltr'><strong>Dominus</strong></span> <span class='ocrx_word' id='word_1_107' title='bbox 450 1532 540 1591; x_wconf 76' lang='lat' dir='ltr'><strong>dicite</strong></span> <span class='ocrx_word' id='word_1_108' title='bbox 571 1532 735 1607; x_wconf 91' lang='lat' dir='ltr'><strong>spiritns</strong></span> <span class='ocrx_word' id='word_1_109' title='bbox 758 1533 820 1592; x_wconf 93' lang='lat' dir='ltr'><strong>nbi</strong></span> <span class='ocrx_word' id='word_1_110' title='bbox 843 1532 927 1593; x_wconf 92' lang='lat' dir='ltr'><strong>uult</strong></span> <span class='ocrx_word' id='word_1_111' title='bbox 955 1533 1095 1607; x_wconf 91' lang='lat' dir='ltr'><strong>spirat,</strong></span> <span class='ocrx_word' id='word_1_112' title='bbox 1126 1534 1162 1593; x_wconf 88' lang='lat' dir='ltr'><strong>et</strong></span> <span class='ocrx_word' id='word_1_113' title='bbox 1183 1532 1307 1594; x_wconf 89' lang='lat' dir='ltr'><strong>nescis</strong></span> <span class='ocrx_word' id='word_1_114' title='bbox 1329 1533 1424 1593; x_wconf 88' lang='lat' dir='ltr'><strong>unde</strong></span> 
     </span>
     <span class='ocr_line' id='line_1_13' title="bbox 280 1632 1530 1710; baseline 0.002 -16"><span class='ocrx_word' id='word_1_115' title='bbox 280 1633 412 1694; x_wconf 88' lang='lat' dir='ltr'><strong>ueniat</strong></span> <span class='ocrx_word' id='word_1_116' title='bbox 432 1635 490 1694; x_wconf 91' lang='lat' dir='ltr'><strong>uel</strong></span> <span class='ocrx_word' id='word_1_117' title='bbox 511 1651 578 1708; x_wconf 84' lang='lat' dir='ltr'><strong>quo</strong></span> <span class='ocrx_word' id='word_1_118' title='bbox 599 1635 721 1693; x_wconf 91' lang='lat' dir='ltr'><strong>uadat.</strong></span> <span class='ocrx_word' id='word_1_119' title='bbox 745 1636 797 1694; x_wconf 88' lang='lat' dir='ltr'><strong>sed</strong></span> <span class='ocrx_word' id='word_1_120' title='bbox 812 1634 843 1694; x_wconf 96' lang='lat' dir='ltr'><strong>in</strong></span> <span class='ocrx_word' id='word_1_121' title='bbox 857 1634 998 1709; x_wconf 89' lang='lat' dir='ltr'><strong>principio</strong></span> <span class='ocrx_word' id='word_1_122' title='bbox 1010 1632 1142 1710; x_wconf 77' lang='lat' dir='ltr'><strong>mysterii</strong></span> <span class='ocrx_word' id='word_1_123' title='bbox 1156 1633 1223 1695; x_wconf 86' lang='lat' dir='ltr'><strong>fidei</strong></span> <span class='ocrx_word' id='word_1_124' title='bbox 1238 1636 1268 1695; x_wconf 87' lang='lat' dir='ltr'><strong>et</strong></span> <span class='ocrx_word' id='word_1_125' title='bbox 1282 1633 1425 1710; x_wconf 87' lang='lat' dir='ltr'><strong>spiritalis</strong></span> <span class='ocrx_word' id='word_1_126' title='bbox 1527 1634 1530 1640; x_wconf 77' lang='grc'><strong>’</strong></span> 
     </span>
     <span class='ocr_line' id='line_1_14' title="bbox 281 1735 1425 1811; baseline 0 -16"><span class='ocrx_word' id='word_1_127' title='bbox 281 1735 466 1811; x_wconf 86' lang='lat' dir='ltr'><strong>baptismatis</strong></span> <span class='ocrx_word' id='word_1_128' title='bbox 486 1737 536 1795; x_wconf 91' lang='lat' dir='ltr'><strong>hic</strong></span> <span class='ocrx_word' id='word_1_129' title='bbox 558 1737 633 1796; x_wconf 88' lang='lat' dir='ltr'><strong>idem</strong></span> <span class='ocrx_word' id='word_1_130' title='bbox 656 1737 779 1810; x_wconf 78' lang='lat' dir='ltr'><strong>spiritns</strong></span> <span class='ocrx_word' id='word_1_131' title='bbox 794 1736 949 1796; x_wconf 77' lang='lat' dir='ltr'><strong>manifeste</strong></span> <span class='ocrx_word' id='word_1_132' title='bbox 964 1735 1046 1796; x_wconf 91' lang='lat' dir='ltr'><strong>nisus</strong></span> <span class='ocrx_word' id='word_1_133' title='bbox 1061 1738 1107 1794; x_wconf 90' lang='lat' dir='ltr'><strong>eet</strong></span> <span class='ocrx_word' id='word_1_134' title='bbox 1121 1740 1152 1796; x_wconf 91' lang='lat' dir='ltr'><strong>et</strong></span> <span class='ocrx_word' id='word_1_135' title='bbox 1163 1753 1250 1810; x_wconf 91' lang='lat' dir='ltr'><strong>super</strong></span> <span class='ocrx_word' id='word_1_136' title='bbox 1264 1737 1425 1810; x_wconf 88' lang='lat' dir='ltr'><strong>discipulos</strong></span> 
     </span>
     <span class='ocr_line' id='line_1_15' title="bbox 282 1836 1425 1912; baseline -0.001 -14"><span class='ocrx_word' id='word_1_137' title='bbox 282 1837 425 1898; x_wconf 82' lang='lat' dir='ltr'><strong>insedisse</strong></span> <span class='ocrx_word' id='word_1_138' title='bbox 448 1837 532 1912; x_wconf 88' lang='lat' dir='ltr'><strong>quasi</strong></span> <span class='ocrx_word' id='word_1_139' title='bbox 547 1837 634 1912; x_wconf 80' lang='lat' dir='ltr'><strong>ignis,</strong></span> <span class='ocrx_word' id='word_1_140' title='bbox 656 1837 726 1897; x_wconf 90' lang='lat' dir='ltr'><strong>item</strong></span> <span class='ocrx_word' id='word_1_141' title='bbox 741 1838 830 1898; x_wconf 90' lang='lat' dir='ltr'><strong>caelis</strong></span> <span class='ocrx_word' id='word_1_142' title='bbox 845 1837 956 1912; x_wconf 87' lang='lat' dir='ltr'><strong>apertis</strong></span> <span class='ocrx_word' id='word_1_143' title='bbox 972 1836 1155 1898; x_wconf 79' lang='lat' dir='ltr'><strong>descendisse</strong></span> <span class='ocrx_word' id='word_1_144' title='bbox 1170 1853 1257 1912; x_wconf 89' lang='lat' dir='ltr'><strong>super</strong></span> <span class='ocrx_word' id='word_1_145' title='bbox 1271 1837 1425 1898; x_wconf 90' lang='lat' dir='ltr'><strong>Dominum</strong></span> 
     </span>
     <span class='ocr_line' id='line_1_16' title="bbox 247 1939 1425 2014; baseline 0.002 -18"><span class='ocrx_word' id='word_1_146' title='bbox 247 1956 273 1996; x_wconf 82' lang='lat' dir='ltr'><strong>ra</strong></span> <span class='ocrx_word' id='word_1_147' title='bbox 283 1940 432 2001; x_wconf 89' lang='lat' dir='ltr'><strong>columbae</strong></span> <span class='ocrx_word' id='word_1_148' title='bbox 459 1941 592 2011; x_wconf 89' lang='lat' dir='ltr'><strong>similem,</strong></span> <span class='ocrx_word' id='word_1_149' title='bbox 617 1940 753 2012; x_wconf 83' lang='lat' dir='ltr'><strong>quoniam</strong></span> <span class='ocrx_word' id='word_1_150' title='bbox 767 1941 905 2014; x_wconf 79' lang='lat' dir='ltr'><strong>pleraque</strong></span> <span class='ocrx_word' id='word_1_151' title='bbox 920 1939 1006 1999; x_wconf 90' lang='lat' dir='ltr'><strong>immo</strong></span> <span class='ocrx_word' id='word_1_152' title='bbox 1022 1956 1112 2013; x_wconf 91' lang='lat' dir='ltr'><strong>paene</strong></span> <span class='ocrx_word' id='word_1_153' title='bbox 1129 1939 1224 1999; x_wconf 92' lang='lat' dir='ltr'><strong>omnia</strong></span> <span class='ocrx_word' id='word_1_154' title='bbox 1238 1956 1311 2014; x_wconf 91' lang='lat' dir='ltr'><strong>quae</strong></span> <span class='ocrx_word' id='word_1_155' title='bbox 1326 1942 1425 1999; x_wconf 89' lang='lat' dir='ltr'><strong>essent</strong></span> 
     </span>
     <span class='ocr_line' id='line_1_17' title="bbox 283 2033 1425 2114; baseline -0.001 -13"><span class='ocrx_word' id='word_1_156' title='bbox 283 2040 383 2101; x_wconf 79' lang='lat' dir='ltr'><strong>lutura</strong></span> <span class='ocrx_word' id='word_1_157' title='bbox 408 2041 564 2100; x_wconf 87' lang='lat' dir='ltr'><strong>manifesta</strong></span> <span class='ocrx_word' id='word_1_158' title='bbox 587 2044 671 2100; x_wconf 87' lang='lat' dir='ltr'><strong>sunt:</strong></span> <span class='ocrx_word' id='word_1_159' title='bbox 684 2033 768 2114; x_wconf 54' lang='lat' dir='ltr'><strong>&#39;qnae</strong></span> <span class='ocrx_word' id='word_1_160' title='bbox 794 2045 891 2101; x_wconf 60' lang='lat' dir='ltr'><strong>umen</strong></span> <span class='ocrx_word' id='word_1_161' title='bbox 916 2043 999 2100; x_wconf 92' lang='lat' dir='ltr'><strong>modo</strong></span> <span class='ocrx_word' id='word_1_162' title='bbox 1020 2043 1118 2100; x_wconf 88' lang='lat' dir='ltr'><strong>essent</strong></span> <span class='ocrx_word' id='word_1_163' title='bbox 1137 2039 1297 2100; x_wconf 91' lang='lat' dir='ltr'><strong>inuisibilia</strong></span> <span class='ocrx_word' id='word_1_164' title='bbox 1317 2039 1425 2100; x_wconf 90' lang='lat' dir='ltr'><strong>nihilo·</strong></span> 
     </span>
     <span class='ocr_line' id='line_1_18' title="bbox 282 2139 1424 2217; baseline -0.003 -14"><span class='ocrx_word' id='word_1_165' title='bbox 282 2143 388 2216; x_wconf 87' lang='lat' dir='ltr'><strong>minus,</strong></span> <span class='ocrx_word' id='word_1_166' title='bbox 410 2160 486 2203; x_wconf 93' lang='lat' dir='ltr'><strong>nunc</strong></span> <span class='ocrx_word' id='word_1_167' title='bbox 512 2159 625 2217; x_wconf 84' lang='lat' dir='ltr'><strong>quoque</strong></span> <span class='ocrx_word' id='word_1_168' title='bbox 641 2143 733 2203; x_wconf 91' lang='lat' dir='ltr'><strong>oculis</strong></span> <span class='ocrx_word' id='word_1_169' title='bbox 748 2145 779 2201; x_wconf 90' lang='lat' dir='ltr'><strong>et</strong></span> <span class='ocrx_word' id='word_1_170' title='bbox 793 2142 992 2204; x_wconf 76' lang='lat' dir='ltr'><strong>incredulitati</strong></span> <span class='ocrx_word' id='word_1_171' title='bbox 1006 2142 1153 2203; x_wconf 91' lang='lat' dir='ltr'><strong>hominnm</strong></span> <span class='ocrx_word' id='word_1_172' title='bbox 1167 2142 1216 2202; x_wconf 92' lang='lat' dir='ltr'><strong>nel</strong></span> <span class='ocrx_word' id='word_1_173' title='bbox 1230 2159 1263 2203; x_wconf 84' lang='lat' dir='ltr'><strong>er</strong></span> <span class='ocrx_word' id='word_1_174' title='bbox 1278 2144 1360 2216; x_wconf 89' lang='lat' dir='ltr'><strong>parte</strong></span> <span class='ocrx_word' id='word_1_175' title='bbox 1376 2139 1424 2201; x_wconf 90' lang='lat' dir='ltr'><strong>uel</strong></span> 
     </span>
     <span class='ocr_line' id='line_1_19' title="bbox 282 2244 1424 2322; baseline -0.004 -15"><span class='ocrx_word' id='word_1_176' title='bbox 282 2245 439 2322; x_wconf 88' lang='lat' dir='ltr'><strong>aliquando</strong></span> <span class='ocrx_word' id='word_1_177' title='bbox 460 2246 509 2307; x_wconf 94' lang='lat' dir='ltr'><strong>uel</strong></span> <span class='ocrx_word' id='word_1_178' title='bbox 531 2247 560 2305; x_wconf 93' lang='lat' dir='ltr'><strong>in</strong></span> <span class='ocrx_word' id='word_1_179' title='bbox 584 2247 679 2321; x_wconf 80' lang='lat' dir='ltr'><strong>ligura</strong></span> <span class='ocrx_word' id='word_1_180' title='bbox 704 2250 774 2306; x_wconf 91' lang='lat' dir='ltr'><strong>sunt</strong></span> <span class='ocrx_word' id='word_1_181' title='bbox 796 2249 958 2307; x_wconf 90' lang='lat' dir='ltr'><strong>monstrata</strong></span> <span class='ocrx_word' id='word_1_182' title='bbox 973 2248 1010 2307; x_wconf 85' lang='lat' dir='ltr'><strong>ad</strong></span> <span class='ocrx_word' id='word_1_183' title='bbox 1024 2245 1261 2307; x_wconf 88' lang='lat' dir='ltr'><strong>corroborandam</strong></span> <span class='ocrx_word' id='word_1_184' title='bbox 1276 2249 1305 2306; x_wconf 89' lang='lat' dir='ltr'><strong>et</strong></span> <span class='ocrx_word' id='word_1_185' title='bbox 1320 2244 1424 2306; x_wconf 82' lang='lat' dir='ltr'><strong>conflr-</strong></span> 
     </span>
     <span class='ocr_line' id='line_1_20' title="bbox 285 2346 1424 2421; baseline -0.004 -13"><span class='ocrx_word' id='word_1_186' title='bbox 285 2349 417 2408; x_wconf 88' lang='lat' dir='ltr'><strong>mandem</strong></span> <span class='ocrx_word' id='word_1_187' title='bbox 445 2349 530 2408; x_wconf 86' lang='lat' dir='ltr'><strong>iidem</strong></span> <span class='ocrx_word' id='word_1_188' title='bbox 557 2350 695 2408; x_wconf 85' lang='lat' dir='ltr'><strong>nostram.</strong></span> <span class='ocrx_word' id='word_1_189' title='bbox 730 2349 780 2408; x_wconf 90' lang='lat' dir='ltr'><strong>sed</strong></span> <span class='ocrx_word' id='word_1_190' title='bbox 802 2366 854 2409; x_wconf 91' lang='lat' dir='ltr'><strong>nee</strong></span> <span class='ocrx_word' id='word_1_191' title='bbox 875 2346 955 2408; x_wconf 90' lang='lat' dir='ltr'><strong>aliud</strong></span> <span class='ocrx_word' id='word_1_192' title='bbox 979 2347 1124 2408; x_wconf 90' lang='lat' dir='ltr'><strong>omiserim</strong></span> <span class='ocrx_word' id='word_1_193' title='bbox 1145 2349 1220 2421; x_wconf 90' lang='lat' dir='ltr'><strong>quod</strong></span> <span class='ocrx_word' id='word_1_194' title='bbox 1243 2346 1424 2421; x_wconf 80' lang='lat' dir='ltr'><strong>euangelium</strong></span> 
     </span>
     <span class='ocr_line' id='line_1_21' title="bbox 245 2448 1424 2525; baseline 0.003 -20"><span class='ocrx_word' id='word_1_195' title='bbox 245 2448 386 2510; x_wconf 82' lang='lat' dir='ltr'><strong>aemerito</strong></span> <span class='ocrx_word' id='word_1_196' title='bbox 401 2450 557 2525; x_wconf 85' lang='lat' dir='ltr'><strong>praedicat.</strong></span> <span class='ocrx_word' id='word_1_197' title='bbox 581 2450 624 2508; x_wconf 92' lang='lat' dir='ltr'><strong>ait</strong></span> <span class='ocrx_word' id='word_1_198' title='bbox 638 2451 714 2508; x_wconf 93' lang='lat' dir='ltr'><strong>enim</strong></span> <span class='ocrx_word' id='word_1_199' title='bbox 729 2450 888 2524; x_wconf 81' lang='lat' dir='ltr'><strong>paralytico</strong></span> <span class='ocrx_word' id='word_1_200' title='bbox 903 2450 1042 2508; x_wconf 85' lang='lat' dir='ltr'><strong>Dominus</strong></span> <span class='ocrx_word' id='word_1_201' title='bbox 1056 2451 1170 2508; x_wconf 86' lang='lat' dir='ltr'><strong>noster:</strong></span> <span class='ocrx_word' id='word_1_202' title='bbox 1193 2449 1284 2508; x_wconf 92' lang='lat' dir='ltr'><strong>bono</strong></span> <span class='ocrx_word' id='word_1_203' title='bbox 1306 2448 1424 2509; x_wconf 90' lang='lat' dir='ltr'><strong>animo</strong></span> 
     </span>
     <span class='ocr_line' id='line_1_22' title="bbox 282 2544 1424 2629; baseline -0.001 -19"><span class='ocrx_word' id='word_1_204' title='bbox 282 2553 374 2623; x_wconf 86' lang='lat' dir='ltr'><strong>esto,</strong></span> <span class='ocrx_word' id='word_1_205' title='bbox 398 2550 472 2622; x_wconf 83' lang='lat' dir='ltr'><strong>iili,</strong></span> <span class='ocrx_word' id='word_1_206' title='bbox 495 2544 742 2610; x_wconf 86' lang='lat' dir='ltr'><strong>¹dimittuntur</strong></span> <span class='ocrx_word' id='word_1_207' title='bbox 763 2551 836 2609; x_wconf 89' lang='lat' dir='ltr'><strong>tibi</strong></span> <span class='ocrx_word' id='word_1_208' title='bbox 858 2552 1022 2629; x_wconf 74' lang='lat' dir='ltr'><strong>peccatu,</strong></span> <span class='ocrx_word' id='word_1_209' title='bbox 1044 2550 1255 2610; x_wconf 87' lang='lat' dir='ltr'><strong>ntostenderet</strong></span> <span class='ocrx_word' id='word_1_210' title='bbox 1270 2550 1324 2609; x_wconf 83' lang='lat' dir='ltr'><strong>ilde</strong></span> <span class='ocrx_word' id='word_1_211' title='bbox 1339 2567 1424 2609; x_wconf 92' lang='lat' dir='ltr'><strong>mun·</strong></span> 
     </span>
     <span class='ocr_line' id='line_1_23' title="bbox 283 2651 1425 2732; baseline -0.002 -20"><span class='ocrx_word' id='word_1_212' title='bbox 283 2653 348 2712; x_wconf 94' lang='lat' dir='ltr'><strong>dari</strong></span> <span class='ocrx_word' id='word_1_213' title='bbox 362 2655 448 2712; x_wconf 89' lang='lat' dir='ltr'><strong>corda</strong></span> <span class='ocrx_word' id='word_1_214' title='bbox 461 2653 500 2711; x_wconf 91' lang='lat' dir='ltr'><strong>ad</strong></span> <span class='ocrx_word' id='word_1_215' title='bbox 513 2654 712 2713; x_wconf 87' lang='lat' dir='ltr'><strong>remissionem</strong></span> <span class='ocrx_word' id='word_1_216' title='bbox 726 2654 908 2727; x_wconf 86' lang='lat' dir='ltr'><strong>peccatorum</strong></span> <span class='ocrx_word' id='word_1_217' title='bbox 924 2653 1162 2732; x_wconf 87' lang='lat' dir='ltr'><strong>consequendam.</strong></span> <span class='ocrx_word' id='word_1_218' title='bbox 1178 2670 1262 2725; x_wconf 88' lang='lat' dir='ltr'><strong>quam</strong></span> <span class='ocrx_word' id='word_1_219' title='bbox 1278 2651 1425 2712; x_wconf 87' lang='lat' dir='ltr'><strong>remissio·</strong></span> 
     </span>
     <span class='ocr_line' id='line_1_24' title="bbox 282 2752 1425 2828; baseline -0.002 -13"><span class='ocrx_word' id='word_1_220' title='bbox 282 2771 349 2815; x_wconf 90' lang='lat' dir='ltr'><strong>nem</strong></span> <span class='ocrx_word' id='word_1_221' title='bbox 371 2757 553 2828; x_wconf 85' lang='lat' dir='ltr'><strong>peccatorum</strong></span> <span class='ocrx_word' id='word_1_222' title='bbox 575 2755 729 2814; x_wconf 87' lang='lat' dir='ltr'><strong>consecute</strong></span> <span class='ocrx_word' id='word_1_223' title='bbox 751 2758 797 2813; x_wconf 89' lang='lat' dir='ltr'><strong>est</strong></span> <span class='ocrx_word' id='word_1_224' title='bbox 813 2753 902 2813; x_wconf 92' lang='lat' dir='ltr'><strong>etiam</strong></span> <span class='ocrx_word' id='word_1_225' title='bbox 917 2753 971 2812; x_wconf 94' lang='lat' dir='ltr'><strong>illa</strong></span> <span class='ocrx_word' id='word_1_226' title='bbox 985 2771 1057 2828; x_wconf 89' lang='lat' dir='ltr'><strong>quae</strong></span> <span class='ocrx_word' id='word_1_227' title='bbox 1082 2757 1145 2813; x_wconf 89' lang='lat' dir='ltr'><strong>erat</strong></span> <span class='ocrx_word' id='word_1_228' title='bbox 1162 2752 1264 2813; x_wconf 89' lang='lat' dir='ltr'><strong>mulier</strong></span> <span class='ocrx_word' id='word_1_229' title='bbox 1278 2753 1425 2827; x_wconf 79' lang='lat' dir='ltr'><strong>peccatrix</strong></span> 
     </span>
     <span class='ocr_line' id='line_1_25' title="bbox 284 2853 1425 2929; baseline -0.003 -12"><span class='ocrx_word' id='word_1_230' title='bbox 284 2857 315 2917; x_wconf 93' lang='lat' dir='ltr'><strong>in</strong></span> <span class='ocrx_word' id='word_1_231' title='bbox 340 2856 475 2929; x_wconf 88' lang='lat' dir='ltr'><strong>ciuitate,</strong></span> <span class='ocrx_word' id='word_1_232' title='bbox 502 2854 549 2916; x_wconf 91' lang='lat' dir='ltr'><strong>cni</strong></span> <span class='ocrx_word' id='word_1_233' title='bbox 574 2854 715 2917; x_wconf 87' lang='lat' dir='ltr'><strong>Dominus</strong></span> <span class='ocrx_word' id='word_1_234' title='bbox 741 2854 801 2914; x_wconf 88' lang='lat' dir='ltr'><strong>ait:</strong></span> <span class='ocrx_word' id='word_1_235' title='bbox 834 2853 1080 2915; x_wconf 88' lang='lat' dir='ltr'><strong>dimittuntur</strong></span> <span class='ocrx_word' id='word_1_236' title='bbox 1108 2854 1181 2915; x_wconf 86' lang='lat' dir='ltr'><strong>tibi</strong></span> <span class='ocrx_word' id='word_1_237' title='bbox 1208 2858 1369 2929; x_wconf 91' lang='lat' dir='ltr'><strong>peccata.</strong></span> <span class='ocrx_word' id='word_1_238' title='bbox 1394 2857 1425 2915; x_wconf 91' lang='lat' dir='ltr'><strong>et</strong></span> 
     </span>
     <span class='ocr_line' id='line_1_26' title="bbox 246 2954 1425 3032; baseline 0.001 -16"><span class='ocrx_word' id='word_1_239' title='bbox 246 2974 274 3017; x_wconf 81' lang='lat' dir='ltr'><strong>ee</strong></span> <span class='ocrx_word' id='word_1_240' title='bbox 283 2975 349 3019; x_wconf 93' lang='lat' dir='ltr'><strong>cum</strong></span> <span class='ocrx_word' id='word_1_241' title='bbox 360 2957 520 3032; x_wconf 88' lang='lat' dir='ltr'><strong>coepissent</strong></span> <span class='ocrx_word' id='word_1_242' title='bbox 530 2957 580 3031; x_wconf 88' lang='lat' dir='ltr'><strong>qui</strong></span> <span class='ocrx_word' id='word_1_243' title='bbox 591 2954 679 3015; x_wconf 92' lang='lat' dir='ltr'><strong>simul</strong></span> <span class='ocrx_word' id='word_1_244' title='bbox 694 2956 913 3016; x_wconf 86' lang='lat' dir='ltr'><strong>discumbebant</strong></span> <span class='ocrx_word' id='word_1_245' title='bbox 927 2957 1003 3029; x_wconf 91' lang='lat' dir='ltr'><strong>apud</strong></span> <span class='ocrx_word' id='word_1_246' title='bbox 1018 2956 1200 3030; x_wconf 89' lang='lat' dir='ltr'><strong>semetipsos</strong></span> <span class='ocrx_word' id='word_1_247' title='bbox 1215 2957 1326 3017; x_wconf 86' lang='lat' dir='ltr'><strong>dicere:</strong></span> <span class='ocrx_word' id='word_1_248' title='bbox 1343 2957 1425 3031; x_wconf 89' lang='lat' dir='ltr'><strong>quia</strong></span> 
     </span>
     <span class='ocr_line' id='line_1_27' title="bbox 283 3057 1427 3135; baseline -0.003 -14"><span class='ocrx_word' id='word_1_249' title='bbox 283 3064 340 3122; x_wconf 87' lang='lat' dir='ltr'><strong>est</strong></span> <span class='ocrx_word' id='word_1_250' title='bbox 361 3059 422 3121; x_wconf 91' lang='lat' dir='ltr'><strong>hic</strong></span> <span class='ocrx_word' id='word_1_251' title='bbox 443 3060 505 3135; x_wconf 87' lang='lat' dir='ltr'><strong>qui</strong></span> <span class='ocrx_word' id='word_1_252' title='bbox 526 3060 680 3133; x_wconf 90' lang='lat' dir='ltr'><strong>peccata</strong></span> <span class='ocrx_word' id='word_1_253' title='bbox 702 3057 889 3118; x_wconf 81' lang='lat' dir='ltr'><strong>dimittit?</strong></span> <span class='ocrx_word' id='word_1_254' title='bbox 913 3058 988 3132; x_wconf 90' lang='lat' dir='ltr'><strong>quod</strong></span> <span class='ocrx_word' id='word_1_255' title='bbox 1003 3060 1034 3118; x_wconf 90' lang='lat' dir='ltr'><strong>et</strong></span> <span class='ocrx_word' id='word_1_256' title='bbox 1049 3057 1329 3134; x_wconf 82' lang='lat' dir='ltr'><strong>cireaperelyticum</strong></span> <span class='ocrx_word' id='word_1_257' title='bbox 1343 3072 1427 3118; x_wconf 90' lang='lat' dir='ltr'><strong>acer-</strong></span> 
     </span>
     <span class='ocr_line' id='line_1_28' title="bbox 281 3158 1424 3222; baseline -0.003 -1"><span class='ocrx_word' id='word_1_258' title='bbox 281 3162 349 3222; x_wconf 91' lang='lat' dir='ltr'><strong>bins</strong></span> <span class='ocrx_word' id='word_1_259' title='bbox 374 3161 487 3221; x_wconf 88' lang='lat' dir='ltr'><strong>scribae</strong></span> <span class='ocrx_word' id='word_1_260' title='bbox 512 3162 542 3220; x_wconf 92' lang='lat' dir='ltr'><strong>et</strong></span> <span class='ocrx_word' id='word_1_261' title='bbox 564 3159 715 3220; x_wconf 88' lang='lat' dir='ltr'><strong>Pharisaei</strong></span> <span class='ocrx_word' id='word_1_262' title='bbox 741 3161 1040 3220; x_wconf 89' lang='lat' dir='ltr'><strong>obmurmurauerant:</strong></span> <span class='ocrx_word' id='word_1_263' title='bbox 1067 3159 1112 3219; x_wconf 86' lang='lat' dir='ltr'><strong>ait</strong></span> <span class='ocrx_word' id='word_1_264' title='bbox 1133 3159 1169 3218; x_wconf 91' lang='lat' dir='ltr'><strong>ad</strong></span> <span class='ocrx_word' id='word_1_265' title='bbox 1190 3158 1338 3218; x_wconf 90' lang='lat' dir='ltr'><strong>mulierem</strong></span> <span class='ocrx_word' id='word_1_266' title='bbox 1364 3158 1424 3218; x_wconf 93' lang='lat' dir='ltr'><strong>Do·</strong></span> 
     </span>
     <span class='ocr_line' id='line_1_29' title="bbox 282 3259 1425 3335; baseline -0.003 -11"><span class='ocrx_word' id='word_1_267' title='bbox 282 3263 394 3324; x_wconf 86' lang='lat' dir='ltr'><strong>minus:</strong></span> <span class='ocrx_word' id='word_1_268' title='bbox 416 3261 515 3322; x_wconf 76' lang='lat' dir='ltr'><strong>fides</strong></span> <span class='ocrx_word' id='word_1_269' title='bbox 538 3264 657 3322; x_wconf 86' lang='lat' dir='ltr'><strong>tuate</strong></span> <span class='ocrx_word' id='word_1_270' title='bbox 680 3260 822 3321; x_wconf 89' lang='lat' dir='ltr'><strong>saluam</strong></span> <span class='ocrx_word' id='word_1_271' title='bbox 844 3261 948 3335; x_wconf 84' lang='lat' dir='ltr'><strong>iecit,</strong></span> <span class='ocrx_word' id='word_1_272' title='bbox 971 3262 1060 3322; x_wconf 87' lang='lat' dir='ltr'><strong>uado</strong></span> <span class='ocrx_word' id='word_1_273' title='bbox 1083 3260 1120 3320; x_wconf 93' lang='lat' dir='ltr'><strong>in</strong></span> <span class='ocrx_word' id='word_1_274' title='bbox 1141 3277 1239 3335; x_wconf 90' lang='lat' dir='ltr'><strong>pace.</strong></span> <span class='ocrx_word' id='word_1_275' title='bbox 1264 3259 1425 3334; x_wconf 88' lang='lat' dir='ltr'><strong>exquibus</strong></span> 
     </span>
     <span class='ocr_line' id='line_1_30' title="bbox 283 3360 1424 3437; baseline -0.004 -12"><span class='ocrx_word' id='word_1_276' title='bbox 283 3364 426 3425; x_wconf 91' lang='lat' dir='ltr'><strong>uniuersis</strong></span> <span class='ocrx_word' id='word_1_277' title='bbox 441 3362 604 3424; x_wconf 83' lang='lat' dir='ltr'><strong>ostenditur</strong></span> <span class='ocrx_word' id='word_1_278' title='bbox 618 3362 674 3423; x_wconf 86' lang='lat' dir='ltr'><strong>ilde</strong></span> <span class='ocrx_word' id='word_1_279' title='bbox 690 3362 840 3423; x_wconf 88' lang='lat' dir='ltr'><strong>emundari</strong></span> <span class='ocrx_word' id='word_1_280' title='bbox 855 3365 952 3436; x_wconf 86' lang='lat' dir='ltr'><strong>corda,</strong></span> <span class='ocrx_word' id='word_1_281' title='bbox 977 3363 1083 3437; x_wconf 85' lang='lat' dir='ltr'><strong>spiritu</strong></span> <span class='ocrx_word' id='word_1_282' title='bbox 1098 3366 1195 3422; x_wconf 90' lang='lat' dir='ltr'><strong>autem</strong></span> <span class='ocrx_word' id='word_1_283' title='bbox 1209 3360 1288 3421; x_wconf 90' lang='lat' dir='ltr'><strong>ablui</strong></span> <span class='ocrx_word' id='word_1_284' title='bbox 1303 3361 1424 3420; x_wconf 90' lang='lat' dir='ltr'><strong>animae.</strong></span> 
     </span>
     <span class='ocr_line' id='line_1_31' title="bbox 245 3463 1424 3543; baseline -0.005 -15"><span class='ocrx_word' id='word_1_285' title='bbox 245 3484 368 3543; x_wconf 83' lang='lat' dir='ltr'><strong>eoporro</strong></span> <span class='ocrx_word' id='word_1_286' title='bbox 390 3470 487 3526; x_wconf 83' lang='lat' dir='ltr'><strong>autem</strong></span> <span class='ocrx_word' id='word_1_287' title='bbox 503 3484 555 3541; x_wconf 93' lang='lat' dir='ltr'><strong>per</strong></span> <span class='ocrx_word' id='word_1_288' title='bbox 568 3483 673 3541; x_wconf 88' lang='lat' dir='ltr'><strong>aquam</strong></span> <span class='ocrx_word' id='word_1_289' title='bbox 688 3465 783 3526; x_wconf 92' lang='lat' dir='ltr'><strong>lauari</strong></span> <span class='ocrx_word' id='word_1_290' title='bbox 798 3482 927 3540; x_wconf 89' lang='lat' dir='ltr'><strong>corpora,</strong></span> <span class='ocrx_word' id='word_1_291' title='bbox 954 3466 1094 3541; x_wconf 78' lang='lat' dir='ltr'><strong>sanguine</strong></span> <span class='ocrx_word' id='word_1_292' title='bbox 1108 3481 1219 3539; x_wconf 86' lang='lat' dir='ltr'><strong>quoque</strong></span> <span class='ocrx_word' id='word_1_293' title='bbox 1234 3463 1424 3524; x_wconf 77' lang='lat' dir='ltr'><strong>festinantius</strong></span> 
     </span>
     <span class='ocr_line' id='line_1_32' title="bbox 283 3567 1035 3646; baseline -0.008 -15"><span class='ocrx_word' id='word_1_294' title='bbox 283 3571 428 3646; x_wconf 89' lang='lat' dir='ltr'><strong>perueniri</strong></span> <span class='ocrx_word' id='word_1_295' title='bbox 442 3585 494 3644; x_wconf 88' lang='lat' dir='ltr'><strong>per</strong></span> <span class='ocrx_word' id='word_1_296' title='bbox 508 3567 706 3643; x_wconf 88' lang='lat' dir='ltr'><strong>compendium</strong></span> <span class='ocrx_word' id='word_1_297' title='bbox 722 3567 760 3626; x_wconf 94' lang='lat' dir='ltr'><strong>ad</strong></span> <span class='ocrx_word' id='word_1_298' title='bbox 775 3567 882 3628; x_wconf 90' lang='lat' dir='ltr'><strong>salutis</strong></span> <span class='ocrx_word' id='word_1_299' title='bbox 897 3567 1035 3641; x_wconf 89' lang='lat' dir='ltr'><strong>praemia.</strong></span> 
     </span>
    </p>
   </div>
   <div class='ocr_carea' id='block_1_3' title="bbox 284 3781 1426 3939">
    <p class='ocr_par' dir='ltr' id='par_1_3' title="bbox 284 3781 1426 3939">
     <span class='ocr_line' id='line_1_33' title="bbox 353 3781 1426 3855; baseline -0.002 -14"><span class='ocrx_word' id='word_1_300' title='bbox 353 3786 432 3855; x_wconf 75' lang='lat' dir='ltr'><strong>st</strong></span> <span class='ocrx_word' id='word_1_301' title='bbox 452 3786 510 3852; x_wconf 80' lang='lat'>103,</span> <span class='ocrx_word' id='word_1_302' title='bbox 528 3786 555 3840; x_wconf 83' lang='lat'><strong>4.</strong></span> <span class='ocrx_word' id='word_1_303' title='bbox 670 3785 703 3839; x_wconf 90' lang='lat'><strong>11</strong></span> <span class='ocrx_word' id='word_1_304' title='bbox 722 3784 851 3848; x_wconf 80' lang='lat'><strong>10.3,8.</strong></span> <span class='ocrx_word' id='word_1_305' title='bbox 965 3782 1205 3850; x_wconf 48' lang='grc' dir='ltr'><strong>9011ι111ι.,9,2.</strong></span> <span class='ocrx_word' id='word_1_306' title='bbox 1308 3781 1426 3839; x_wconf 65' lang='lat' dir='ltr'><strong>Dolens.</strong></span> 
     </span>
     <span class='ocr_line' id='line_1_34' title="bbox 284 3872 419 3939; baseline -0.037 -12"><span class='ocrx_word' id='word_1_307' title='bbox 284 3872 310 3936; x_wconf 84' lang='grc'><strong>’1,</strong></span> <span class='ocrx_word' id='word_1_308' title='bbox 326 3872 363 3926; x_wconf 80' lang='lat'><strong>48</strong></span> <span class='ocrx_word' id='word_1_309' title='bbox 379 3886 419 3939; x_wconf 86' lang='lat' dir='ltr'><strong>sq.</strong></span> 
     </span>
    </p>
   </div>
   <div class='ocr_carea' id='block_1_4' title="bbox 282 4051 1426 4283">
    <p class='ocr_par' dir='ltr' id='par_1_4' title="bbox 282 4051 1426 4283">
     <span class='ocr_line' id='line_1_35' title="bbox 353 4051 1391 4127; baseline 0.001 -19"><span class='ocrx_word' id='word_1_310' title='bbox 353 4053 454 4110; x_wconf 83' lang='lat' dir='ltr'><strong>biecit</strong></span> <span class='ocrx_word' id='word_1_311' title='bbox 476 4054 539 4125; x_wconf 73' lang='grc'><strong>1119.</strong></span> <span class='ocrx_word' id='word_1_312' title='bbox 669 4054 703 4109; x_wconf 84' lang='grc'><strong>19</strong></span> <span class='ocrx_word' id='word_1_313' title='bbox 720 4051 809 4122; x_wconf 88' lang='lat' dir='ltr'><strong>aliud]</strong></span> <span class='ocrx_word' id='word_1_314' title='bbox 826 4052 896 4108; x_wconf 90' lang='lat' dir='ltr'><strong>illud</strong></span> <span class='ocrx_word' id='word_1_315' title='bbox 915 4051 979 4124; x_wconf 78' lang='grc'><strong>1119.</strong></span> <span class='ocrx_word' id='word_1_316' title='bbox 1106 4056 1142 4111; x_wconf 79' lang='lat'><strong>23</strong></span> <span class='ocrx_word' id='word_1_317' title='bbox 1157 4056 1240 4112; x_wconf 86' lang='lat' dir='ltr'><strong>etiam</strong></span> <span class='ocrx_word' id='word_1_318' title='bbox 1258 4072 1310 4112; x_wconf 81' lang='lat' dir='ltr'><strong>om.</strong></span> <span class='ocrx_word' id='word_1_319' title='bbox 1326 4055 1391 4127; x_wconf 72' lang='lat' dir='ltr'><strong>Rip.</strong></span> 
     </span>
     <span class='ocr_line' id='line_1_36' title="bbox 282 4137 1426 4213; baseline 0.001 -17"><span class='ocrx_word' id='word_1_320' title='bbox 282 4142 320 4196; x_wconf 78' lang='grc'><strong>110</strong></span> <span class='ocrx_word' id='word_1_321' title='bbox 341 4140 445 4196; x_wconf 89' lang='lat' dir='ltr'><strong>lauacri</strong></span> <span class='ocrx_word' id='word_1_322' title='bbox 467 4141 532 4211; x_wconf 79' lang='grc'><strong>1119.</strong></span> <span class='ocrx_word' id='word_1_323' title='bbox 726 4137 760 4191; x_wconf 89' lang='lat'><strong>31</strong></span> <span class='ocrx_word' id='word_1_324' title='bbox 784 4138 819 4192; x_wconf 87' lang='lat' dir='ltr'><strong>ad</strong></span> <span class='ocrx_word' id='word_1_325' title='bbox 841 4138 940 4192; x_wconf 88' lang='lat' dir='ltr'><strong>salutis</strong></span> <span class='ocrx_word' id='word_1_326' title='bbox 963 4139 1083 4208; x_wconf 85' lang='lat' dir='ltr'><strong>praemia</strong></span> <span class='ocrx_word' id='word_1_327' title='bbox 1106 4143 1172 4209; x_wconf 90' lang='lat' dir='ltr'><strong>puto</strong></span> <span class='ocrx_word' id='word_1_328' title='bbox 1197 4157 1256 4197; x_wconf 75' lang='lat' dir='ltr'><strong>non</strong></span> <span class='ocrx_word' id='word_1_329' title='bbox 1277 4141 1426 4213; x_wconf 70' lang='lat' dir='ltr'><strong>distinquit</strong></span> 
     </span>
     <span class='ocr_line' id='line_1_37' title="bbox 284 4227 424 4283; baseline -0.007 0"><span class='ocrx_word' id='word_1_330' title='bbox 284 4227 424 4283; x_wconf 72' lang='lat' dir='ltr'><strong>Bulsinius</strong></span> 
     </span>
    </p>
   </div>
   <div class='ocr_carea' id='block_1_5' title="bbox 0 0 1866 4920">
    <p class='ocr_par' dir='ltr' id='par_1_5' title="bbox 0 0 1866 4920">
     <span class='ocr_line' id='line_1_38' title="bbox 0 0 1866 4920; baseline 0 0"><span class='ocrx_word' id='word_1_331' title='bbox 0 0 1866 4920; x_wconf 95' lang='lat' dir='ltr'><strong> </strong></span> 
     </span>
    </p>
   </div>
  </div>
 </body>
</html>
