3720 4920
406 414 411 422 ·
479 379 525 432 Da
541 375 796 449 singularitate
813 376 1019 432 clericorum
1036 391 1059 430 c
1078 373 1191 431 33--36.
1336 376 1398 442 211

267 543 303 597 nt
316 539 366 612 qui
380 538 454 597 bene
470 553 556 611 agere
570 536 736 596 laboramus
758 535 834 593 inter
848 534 979 593 luxurias
993 550 1147 607 euagemur
1162 535 1193 594 et
1207 532 1402 591 discurramus

267 656 319 714 per
343 640 463 699 semitas
489 642 686 713 pecmtorum,
719 637 882 696 retinacula
903 636 1083 696 dimittamus
1105 640 1136 695 et
1158 636 1241 696 frena
1262 635 1401 696 laxemus.

267 758 367 800 camus
382 758 558 815 quacumque
573 757 625 798 nos
640 739 763 798 mundus
778 737 933 797 abstulerit
947 741 977 798 et
991 739 1162 812 ubicumque
1177 740 1309 799 diabolus
1324 739 1401 798 inui-

269 843 392 915 tanerit,
419 842 510 902 libera
534 842 707 902 fornicamur
733 841 913 900 inuideamus
939 841 1085 913 rapiamus
1110 839 1291 913 fraudemus,
1308 841 1404 900 omnia

246 946 347 1007 amala
368 947 462 1006 securi
484 945 711 1005 committamus:
741 944 911 1020 martyrium
936 945 1087 1004 subuenist
1113 945 1144 1003 et
1169 944 1332 1003 suademus.
1362 943 1405 1003 sic

270 1048 347 1108 enim
361 1047 470 1108 Paulus
485 1047 633 1121 apostolus
648 1046 815 1121 pollicetur:
847 1045 1027 1105 iaciamus
1057 1046 1154 1106 mala
1182 1047 1222 1104 ut
1250 1046 1406 1105 ueniant

265 1150 376 1209 bona:
392 1166 542 1223 quornm
557 1148 742 1208 damnatio
758 1149 861 1206 iusta
876 1149 942 1207 est.
958 1147 1025 1207 huia
1039 1147 1178 1224 martyrio
1193 1163 1273 1223 spem
1288 1147 1407 1207 tradant

271 1267 343 1325 quos
356 1249 555 1310 mathematici
570 1251 728 1310 docuerunt
742 1249 847 1309 habere
874 1251 909 1309 de
931 1251 1056 1310 crastino
1072 1249 1293 1325 praescientiam
1308 1254 1339 1309 at
1352 1250 1406 1310 has

273 1369 392 1413 coronas
418 1354 569 1426 expectent
591 1352 641 1426 qui
663 1368 751 1426 supra
765 1352 885 1425 angelos
907 1355 937 1410 et
952 1352 1096 1412 Christum
1114 1369 1166 1427 per
1180 1352 1344 1425 astrologos
1358 1352 1405 1412 di·

235 1472 263 1512 ro
272 1455 404 1515 dicarunt
418 1456 493 1516 scire
508 1458 638 1528 tempora
653 1472 725 1529 quae
740 1456 824 1528 pater
838 1455 869 1512 in
880 1471 934 1513 aua
947 1455 1045 1527 posuit
1059 1457 1213 1529 potestate,
1226 1456 1261 1513 ut
1275 1455 1323 1514 uel
1338 1457 1407 1515 tunc

271 1559 456 1617 recordantur
471 1561 539 1616 ante
553 1557 683 1632 martyrii
698 1560 812 1630 tempus
827 1557 900 1616 bene
915 1572 1002 1630 agere
1017 1557 1160 1627 debuisse,
1176 1574 1240 1617 cum
1256 1557 1332 1615 diem
1347 1557 1407 1617 Do·

272 1659 344 1719 mini
358 1661 501 1720 senserint
516 1661 592 1720 sicut
606 1660 708 1719 furem.
731 1660 782 1719 sad
798 1659 948 1718 credamus
969 1676 1057 1732 super
1078 1659 1144 1718 illos
1166 1659 1336 1733 martyrium
1351 1660 1409 1718 iam

271 1761 385 1835 iamque
399 1763 534 1835 pendere.
550 1761 668 1819 iuterim
682 1760 851 1835 priusquam
867 1763 1007 1834 martyras
1022 1761 1102 1831 liant,
1118 1760 1233 1833 legibus
1248 1759 1408 1830 subiacent,

273 1864 307 1920 ut
319 1862 426 1921 iudicio
442 1862 630 1934 subiciantur,
647 1862 703 1922 nisi
719 1863 807 1921 armis
823 1864 1015 1920 exarmentur.
1030 1862 1165 1921 audaciae
1181 1860 1263 1919 nefas
1279 1864 1325 1920 est
1346 1861 1410 1920 illis

238 1986 263 2025 ιι
274 1965 415 2023 aduersus
429 1966 630 2024 auctoritatem
645 1964 760 2023 Domini
774 1966 927 2036 parantum
938 1978 1075 2037 personae
1087 1963 1213 2022 obicere:
1230 1963 1335 2035 quibus
1346 1962 1409 2036 ipsa

278 2065 419 2125 Dominus
433 2066 669 2126 contradictionis
683 2067 769 2125 huius
785 2065 909 2125 abstth
924 2080 1031 2124 uocem.
1062 2064 1098 2123 iu
1127 2064 1333 2138 legalibus,
1363 2064 1411 2122 in·

276 2169 355 2241 quit,
385 2171 529 2241 patrum
564 2171 774 2227 uestrorum
811 2168 934 2226 nolite
970 2167 1158 2225 ambulare
1193 2169 1229 2225 et
1259 2166 1411 2226 iustifi-

274 2269 444 2330 cationes
474 2288 593 2330 oorum
622 2268 740 2331 nolite
767 2269 1022 2330 custodisset
1051 2268 1087 2327 in
1117 2268 1259 2329 studiis
1289 2286 1412 2332 eorum

274 2371 395 2431 nolite
425 2373 653 2433 commisceri
682 2377 718 2433 et
746 2373 866 2433 nolite
903 2372 1100 2448 inquinari.
1143 2390 1207 2448 ego
1238 2373 1412 2433 Dominus

240 2473 372 2534 roDaus
402 2479 539 2534 uester.
577 2475 613 2533 in
642 2475 860 2549 praeceptis
897 2476 986 2534 meis
1016 2477 1202 2534 ambulate
1233 2479 1270 2535 ot
1299 2475 1412 2534 iusti·

274 2575 481 2635 ficationes
503 2593 599 2635 meas
623 2578 818 2636 custodite.

319 2678 419 2736 Sciam
434 2696 510 2737 nunc
525 2679 658 2753 adempta
681 2679 738 2738 sibi
753 2696 816 2738 esso
842 2677 1003 2751 parentalia
1017 2679 1177 2753 patrocinia
1192 2680 1240 2752 qui
1256 2680 1313 2737 huc
1325 2680 1412 2751 atque
1423 2672 1462 2730 36

277 2778 349 2839 illuc
370 2782 550 2839 recurrentes
566 2781 821 2840 contradictionum
837 2779 966 2840 latebras
981 2783 1138 2855 quaerunt,
1161 2798 1197 2841 na
1220 2797 1353 2855 umquam
1369 2779 1413 2840 fe·

278 2885 364 2942 minis
376 2888 508 2943 careant:
524 2888 554 2944 et
568 2886 636 2958 quia
647 2886 773 2958 undique
787 2885 960 2943 defensionis
971 2885 1108 2958 suffragio
1120 2885 1300 2954 deseruntur,
1316 2884 1347 2942 in
1361 2899 1413 2941 no·

245 2985 397 3044 nouissimo
412 2986 525 3044 cunctis
540 2985 719 3058 argumentis
734 2987 886 3044 exhaustis
901 2987 1073 3044 sententium
1079 2986 1163 3045 Pauli
1178 2981 1302 3059 apostoli
1317 2985 1414 3056 opitu-

279 3086 334 3145 lari
349 3086 407 3145 eibi
422 3087 576 3160 opinantur
591 3091 621 3146 ot
636 3088 751 3146 dicunt:
782 3092 822 3145 tu
854 3088 916 3161 qui
946 3105 1000 3159 es,
1030 3090 1069 3146 ut
1094 3088 1135 3146 de
1155 3104 1267 3165 seruo
1290 3084 1415 3145 alieno

279 3188 446 3247 iudicas?
477 3190 608 3262 agnoscit
633 3190 764 3262 equidem
791 3190 898 3248 Paulus
926 3189 1073 3262 apostolus
1100 3187 1315 3248 constitutionis
1343 3204 1413 3246 suae

280 3290 371 3348 uerba
385 3292 517 3363 prolata,
543 3292 594 3350 sed
608 3291 874 3351 constitutionarios
890 3294 919 3350 et
933 3289 1093 3364 prolatores
1108 3291 1186 3364 ipsos
1202 3291 1326 3364 ignorat.
1355 3289 1415 3347 illie

279 3393 353 3451 enim
369 3394 495 3452 contulit
509 3395 702 3454 defensionem
717 3395 766 3468 qui
782 3394 890 3452 nullam
903 3397 1014 3466 partem
1028 3393 1103 3466 lagis
1115 3394 1286 3467 inpugnant,
1302 3394 1332 3450 et
1344 3390 1416 3464 ipsis

244 3495 385 3554 retribuit
399 3496 589 3568 patrocinium
604 3495 654 3568 qui
670 3513 702 3554 ex
720 3499 785 3555 uoto
801 3514 852 3554 suo
868 3495 978 3569 aliquid
1001 3496 1111 3555 faciunt
1132 3494 1351 3567 necquicquam
1367 3508 1415 3551 ec-

350 3762 462 3817 suom.
481 3762 509 3825 3,
527 3764 551 3816 8.
661 3761 939 3826 romaniane.
1043 3762 1171 3816 annom
1191 3762 1232 3825 14,
1250 3762 1276 3815 4.

350 4001 413 4054 het
431 4000 516 4072 irena]
536 4001 658 4058 irenaG
760 4002 923 4058 bsubucnit
941 4001 975 4057 0¹
1079 4002 1118 4056 sio
1136 4017 1171 4056 ca
1189 4002 1259 4057 siO
1355 4002 1420 4056 8et

283 4087 487 4149 basalmo
580 4088 729 4155 tlsupero
824 4089 1105 4143 10ut0uinroe.
1200 4088 1385 4142 18iuom.o

281 4172 317 4225 24
333 4172 362 4224 in
381 4188 431 4225 oon.
450 4188 467 4225 o
547 4172 708 4226 nouissimos
730 4173 760 4234 0,
778 4173 934 4225 nouissimis
951 4189 968 4226 o
1048 4173 1225 4226 inexhausti
1244 4172 1385 4226 Batonius

282 4256 947 4325 26quiscsut0,quiesquio;cs.212,6

1138 4350 1178 4407 14
1194 4350 1211 4385 ³
