3720 4920
564 425 609 478 De
627 425 759 492 duplici
777 424 945 493 martyrio
964 440 985 478 c.
1005 425 1115 478 31-35.
1344 427 1409 491 243

272 585 396 645 lominus
412 586 567 644 uincuntur
581 600 599 643 0
613 583 820 656 cupiditatibus
847 582 907 641 0000
923 601 1008 655 quam
1023 600 1083 653 uos,
1111 600 1183 656 quos
1199 583 1298 643 dicunt
1313 584 1408 643 adhuc

274 688 366 747 teneri
382 688 436 746 sub
461 702 549 761 regno
574 691 701 745 0000000.
733 684 803 760 quid
818 687 936 759 prodest
961 684 1021 744 illis
1037 685 1207 758 baptismus,
1238 702 1294 758 quo
1309 685 1409 746 010000

272 790 339 849 exui
354 793 477 849 ueterem
493 789 635 848 hominem
661 805 725 847 cum
741 787 855 847 actibus
877 787 939 846 0000
962 791 992 846 00
1013 786 1093 845 indui
1114 803 1218 846 nouum
1241 788 1291 859 qui
1306 804 1408 847 secun·

276 892 345 951 dum
360 890 451 950 Deum
466 893 579 950 oreatus
594 892 660 948 0000
685 890 755 964 quid
770 890 887 962 prodest
902 889 960 947 01100
976 888 1100 962 Spiritus
1113 891 1241 961 sanctus,
1265 891 1346 950 cuius
1361 907 1409 950 er·

250 994 361 1054 abitrio
382 994 479 1052 000000
501 1009 531 1051 00
555 991 732 1067 temperari?
760 1008 811 1050 000
837 1008 948 1065 semper
978 992 1008 1049 in
1031 1008 1078 1050 ore
1093 991 1200 1051 hahent
1213 981 1409 1068 ‘euangelium

273 1080 476 1170 euangelium,
491 1113 555 1155 cum
571 1097 634 1154 tota
649 1095 711 1154 uita
725 1095 870 1168 discrepet
884 1095 921 1154 ab
936 1096 1079 1170 euangelii
1095 1096 1277 1170 praeceptis?
1303 1100 1411 1169 quanto

273 1199 390 1259 creditis
406 1200 512 1272 pudore
528 1197 703 1257 suffunditur
718 1197 849 1268 00010000,
873 1215 937 1257 000
952 1198 1022 1258 haec
1043 1200 1212 1271 ingeruntur
1227 1200 1263 1258 ab
1279 1199 1411 1259 hostibus

274 1317 326 1360 nec
342 1301 428 1360 habet
442 1318 497 1373 quo
509 1299 625 1358 refellat
640 1298 815 1372 opprobria?
835 1316 928 1359 nonne
943 1299 1072 1359 uidemus
1087 1303 1179 1359 totum
1194 1301 1329 1361 ecclesiae
1345 1317 1410 1361 cee-

274 1407 337 1463 tum
358 1404 505 1465 demittere
527 1405 626 1462 uultus
652 1405 738 1477 atque
765 1404 942 1474 erubescere,
970 1403 1102 1476 quotiens
1122 1402 1220 1477 aliqua
1241 1404 1322 1478 uirgo
1338 1421 1411 1478 quae

238 1521 266 1558 uc
277 1506 391 1565 Christo
407 1508 543 1579 nupserat
558 1504 672 1577 dilapsa
683 1521 718 1564 ex
733 1503 863 1577 angelico
878 1504 1072 1577 contubernio,
1097 1505 1201 1566 defecit
1222 1505 1258 1564 00
1280 1507 1411 1578 stuprum

276 1610 327 1666 000
343 1607 527 1679 coniugium?
544 1609 669 1679 quiantus
685 1621 796 1664 moeror
811 1608 931 1679 occupat
947 1606 1070 1665 omnium
1086 1609 1214 1667 nostrum
1237 1609 1347 1668 animos
1361 1610 1413 1668 000

275 1708 427 1781 praecipue
442 1709 598 1781 pastorum,
615 1708 640 1766 si
656 1708 770 1780 quando
783 1706 891 1766 Christi
907 1707 989 1767 miles
1005 1709 1153 1768 tormentis
1168 1710 1287 1771 inferior
1308 1727 1411 1770 00000-

276 1810 362 1868 tiauit
382 1810 545 1883 imperatori
561 1807 634 1868 suo?
656 1812 783 1882 quantus
799 1811 895 1867 00000
910 1826 944 1868 00
959 1812 1079 1870 0000000
1095 1815 1211 1871 satanae
1226 1811 1411 1886 triumphus?

319 1913 431 1985 Itaque,
448 1911 553 1970 iratres
569 1910 759 1981 dilectissimi,
775 1911 800 1969 00
817 1927 883 1970 uere
899 1911 1047 1986 diligimus
1059 1913 1158 1986 Deum,
1176 1914 1201 1973 00
1216 1915 1344 1988 quotidie
1359 1933 1410 1990 pe·
1423 1923 1464 1981 34

240 2015 366 2074 sitimus
381 2032 416 2073 ex
442 2014 535 2073 animo
564 2001 771 2072 ‘sanctificetur
786 2031 888 2072 nomen
904 2001 1005 2086 tuum',
1033 2032 1141 2073 summo
1156 2017 1251 2075 studio
1267 2017 1411 2091 aduigila-

278 2134 352 2187 mus‚
369 2116 471 2176 necubi
485 2115 647 2189 polluamus
662 2130 765 2175 nomen
781 2113 870 2187 illius,
887 2117 938 2174 sed
953 2120 984 2174 00
998 2120 1089 2177 morte
1105 2119 1133 2177 et
1150 2119 1210 2177 uita
1221 2119 1412 2191 glorificemus

278 2218 370 2289 illum,
392 2219 472 2275 iuxta
486 2218 564 2276 beati
579 2216 664 2276 Pauli
693 2217 802 2275 monita
826 2217 958 2276 uiuentes
986 2219 1048 2277 sine
1075 2220 1191 2291 querela
1212 2223 1246 2279 ut
1267 2222 1412 2295 simplices

278 2319 409 2392 111001)οἰ,
440 2320 501 2377 siue
524 2314 748 2391 reprehensione
771 2317 801 2375 in
824 2318 915 2378 medio
939 2320 1064 2378 00000000
1087 2338 1192 2393 000000
1208 2325 1238 2381 00
1251 2338 1412 2396 0000000000,

279 2422 355 2480 inter
370 2437 440 2494 quos
452 2421 597 2479 luceamus
613 2420 690 2478 sicut
704 2420 858 2479 luminaria
869 2420 900 2478 00
914 2423 1029 2492 00000,
1044 2423 1162 2481 acerbum
1174 2423 1252 2482 uitae
1264 2426 1413 2485 00000000-

241 2526 323 2581 00000
355 2523 391 2579 00
406 2522 526 2595 gloriam
542 2520 652 2579 Christi
667 2522 743 2593 Iesu,
770 2522 848 2593 regis
864 2525 893 2579 et
909 2523 1098 2596 agonothetae
1125 2524 1232 2597 nostri,
1259 2527 1309 2598 qui
1331 2544 1414 2586 suum

278 2642 344 2685 0000
359 2625 439 2683 00000
454 2624 592 2697 quidquid
608 2624 638 2682 in
654 2623 791 2683 membris
806 2623 899 2696 ipsius
914 2625 1033 2698 geritur.
1057 2625 1200 2699 patiamur
1216 2644 1280 2686 cum
1294 2628 1357 2701 illo,
1381 2633 1415 2688 ut

277 2744 342 2786 cum
358 2726 408 2784 illo
424 2726 616 2798 glorificemur
631 2726 661 2783 in
678 2726 723 2783 die
739 2724 865 2784 Domini.
882 2743 933 2785 nos
950 2726 997 2785 hic
1021 2725 1102 2785 illum
1126 2728 1314 2788 clarificemus
1337 2732 1415 2804 apud

278 2827 418 2899 homines,
435 2827 534 2885 001110
550 2844 603 2886 000
618 2827 758 2886 clarificet
773 2827 906 2886 claritate
922 2845 975 2886 000
989 2845 1084 2887 coram
1099 2830 1211 2902 angelis
1232 2831 1304 2904 0000,
1326 2849 1411 2905 000,

277 2934 310 2989 00
326 2930 421 3003 inquit
442 2929 680 3001 10000οΡ00100,
697 2933 844 2989 uenerit
867 2930 1086 3004 glorificari
1107 2933 1143 2990 in
1159 2933 1300 2992 sanctis
1322 2934 1412 2994 suis.

242 3050 381 3092 000000
413 3034 613 3090 000000000
646 3031 720 3090 0000
755 3032 927 3104 legitime
961 3033 1177 3093 certauerit.
1208 3038 1245 3093 00
1277 3035 1315 3092 hi
1353 3038 1414 3109 qui

278 3135 566 3209 corruptibilem
589 3151 757 3193 coronam
780 3134 962 3207 ambiunt,
985 3136 1027 3196 ab
1050 3136 1218 3196 omnibus
1240 3154 1276 3196 00
1298 3137 1413 3196 abeti-

277 3241 384 3308 neut,
400 3237 474 3295 nihil
489 3255 545 3296 non
561 3237 702 3296 iacientes
717 3237 794 3310 quod
809 3239 845 3296 ad
862 3237 1012 3297 uictoriam
1027 3238 1174 3298 conducit:
1197 3239 1267 3311 quid
1293 3256 1346 3298 000
1368 3240 1414 3299 ia-

280 3355 344 3399 cere
358 3338 502 3410 conuenit‚
525 3343 558 3398 ut
573 3355 762 3413 assequamur
777 3338 1043 3400 0110-0000000000
1065 3340 1141 3400 uitae
1163 3358 1296 3401 coronam
1319 3343 1414 3402 incor-

280 3442 446 3515 ruptibilem
461 3445 490 3500 00
505 3441 772 3501 immarcescibilem
787 3442 817 3500 in
833 3442 945 3502 coelis?

243 3567 270 3606 00
324 3544 379 3604 Ηο0
395 3544 497 3618 siquis
512 3547 602 3618 roget,
627 3562 683 3619 quo
696 3549 780 3619 pacto
796 3545 863 3619 quis
877 3545 969 3619 possit
984 3561 1048 3604 esse
1063 3548 1172 3621 martyr
1186 3547 1248 3606 sine
1263 3548 1413 3621 sanguinis
1423 3555 1465 3614 35

281 3647 432 3706 effusione:
449 3647 580 3720 quisquis
592 3648 646 3706 hoc
658 3647 752 3705 00000
768 3647 899 3720 sequeitur
913 3647 1064 3720 iustitiam,
1080 3652 1113 3706 ut
1127 3651 1248 3708 000000
1259 3648 1345 3708 citius
1360 3650 1412 3708 ad-

280 3748 421 3808 missurus
436 3748 483 3821 sit,
511 3767 596 3822 quarn
613 3747 687 3809 uelit
704 3767 721 3807 a
736 3749 851 3807 00000000
865 3748 1029 3822 deflectere,
1061 3749 1128 3810 huic
1142 3752 1256 3823 promta
1280 3750 1415 3812 uoluntas

279 3869 332 3925 pro
347 3852 483 3924 martyrio
499 3851 696 3922 deputabitur.
726 3850 804 3911 Deus
831 3852 908 3910 enim
939 3868 995 3910 non
1022 3853 1156 3912 00000000
1183 3871 1352 3928 quemquam
1378 3870 1414 3914 ex

280 3956 385 4012 euentu
401 3970 496 4012 00000
511 3954 561 4012 000
577 3971 611 4013 ex
627 3953 742 4012 affectu.
771 3971 821 4012 cur
836 3955 912 4012 enim
928 3953 978 4013 ille
1001 3953 1150 4014 fraudetur
1164 3956 1296 4031 martyrii
1310 3955 1414 4030 gloria,
1465 3997 1470 4011 ,

242 4073 269 4114 aa
280 4070 331 4129 per
346 4072 429 4128 quem
444 4074 499 4114 non
514 4057 596 4115 stetit
611 4055 763 4130 quominus
778 4055 947 4130 martyrium
970 4056 1133 4132 peregerit?
1155 4061 1189 4117 ut
1214 4062 1313 4118 000000
1338 4073 1414 4118 000-

346 4306 382 4360 23
400 4307 430 4361 11
447 4307 540 4364 Thess.
560 4310 584 4372 1,
603 4308 652 4370 10;
670 4307 700 4363 11
718 4307 789 4367 uim.
808 4309 834 4368 2.
852 4309 881 4374 5;
901 4309 915 4362 1
935 4308 995 4366 cor.
1013 4310 1038 4376 9,
1055 4312 1098 4366 25.

1134 4405 1172 4462 16
1190 4405 1206 4438 ¹⁸
1233 4420 1238 4427 '
