3720 4920
600 375 646 427 De
663 372 837 428 duodecim
856 371 1016 427 abusiuie
1033 371 1163 427 saeculi
1183 387 1205 427 c
1222 371 1303 427 2-3.
1458 379 1519 442 155

381 530 538 590 ministrari
548 530 603 589 sibi
614 530 664 590 ille
679 529 816 604 sperabit,
827 529 877 603 qni
888 528 917 587 in
929 529 1125 590 adnleseentia
1136 529 1298 589 senioribus
1310 528 1516 589 oboedientiam

380 633 515 693 exhibere
530 634 708 693 contemnit?
724 632 799 691 unde
813 635 843 692 et
857 631 887 690 in
902 632 1052 706 prouerbio
1068 632 1145 706 apud
1160 634 1274 692 ueteres
1288 632 1426 705 habetur,
1442 633 1519 706 quod

382 736 485 796 seruiri
506 738 631 810 nequeat
646 734 696 810 qui
710 734 791 808 prius
806 733 892 794 alicui
907 734 1077 794 seruitutem
1091 735 1228 808 praebere
1244 734 1376 809 denegat
1398 738 1518 809 propter

382 840 457 913 qnod
472 842 502 898 et
516 838 656 898 Dominus
672 839 756 898 Iesus
771 838 801 897 in
817 838 993 911 temporibus
1010 837 1208 923 suaeloamis,
1229 838 1296 897 dum
1312 837 1406 897 adhuc
1420 838 1457 896 ad
1471 837 1516 896 le·

358 941 511 1014 ogibmam
536 943 661 1000 aetatem
687 940 812 1000 doctoris
826 956 882 998 non
903 940 1041 1012 peruenit,
1068 939 1251 999 oboedienter
1276 939 1517 998 ministrationem

380 1042 547 1116 parentibus
563 1042 624 1101 suis
635 1041 775 1100 exhibuit.
791 1041 867 1101 sicut
881 1056 949 1115 ergo
960 1042 990 1099 in
1001 1040 1120 1100 sonibus
1134 1042 1276 1100 sobrietas
1287 1043 1317 1100 et
1327 1058 1436 1101 morum
1452 1049 1515 1114 por·

380 1144 466 1204 lectio
480 1144 652 1218 requiritur,
669 1143 711 1202 ita
724 1143 755 1201 in
771 1141 1001 1202 adulescentibus
1014 1142 1181 1217 obsequium
1192 1146 1223 1203 et
1238 1142 1377 1202 subiectio
1388 1145 1418 1202 ot
1432 1143 1518 1202 oboe-

380 1246 489 1306 dientia
510 1246 566 1305 rito
581 1245 710 1305 debetur.
733 1248 906 1318 quapropter
926 1247 956 1304 et
977 1244 1005 1303 in
1023 1244 1168 1305 mandatis
1182 1245 1257 1319 legis
1277 1244 1402 1330 primum
1423 1245 1453 1303 in
1468 1244 1518 1304 his

380 1365 452 1422 quae
474 1349 510 1407 ad
532 1348 663 1407 homines
683 1347 828 1420 pertinent
848 1348 940 1421 patris
963 1349 993 1406 et
1014 1347 1117 1407 matris
1139 1348 1231 1407 honor
1252 1347 1426 1422 imperatur,
1449 1346 1519 1421 quia

347 1471 371 1508 re
380 1449 513 1523 quamuis
532 1449 659 1509 carnalis
679 1452 762 1523 pater
777 1466 831 1509 non
859 1450 1051 1522 supernixerit
1071 1453 1122 1509 aut
1143 1451 1280 1524 indignus
1302 1449 1408 1520 fuerit,
1431 1449 1517 1508 alicui

379 1556 476 1611 tamen
491 1551 568 1625 patri
583 1552 670 1626 digno
685 1555 715 1611 et
730 1551 841 1612 uiuenti
853 1555 990 1625 paternus
1005 1554 1095 1613 honor
1105 1568 1197 1627 usque
1212 1553 1248 1611 ad
1264 1551 1380 1627 dignam
1392 1555 1518 1611 aetatem

379 1670 397 1712 a
411 1652 480 1712 tiliis
495 1653 676 1727 praebendus
691 1669 756 1713 esse
772 1654 942 1713 ostenditur.
964 1657 1101 1728 quattuor
1121 1655 1228 1714 etenim
1249 1654 1343 1714 modis
1357 1671 1409 1727 per
1423 1654 1516 1727 scrip·

379 1757 460 1814 tnras
475 1755 588 1814 diuinas
597 1759 695 1828 patres
705 1759 853 1828 uocantur,
867 1757 921 1816 boc
935 1760 980 1815 est
994 1760 1098 1815 natura
1112 1760 1199 1831 gente
1208 1756 1401 1816 admonitione
1413 1759 1517 1815 aetate.

380 1858 415 1916 de
441 1860 523 1931 patre
550 1874 673 1931 namque
699 1859 823 1917 naturali
850 1859 935 1917 Iacob
957 1858 994 1916 ad
1008 1859 1106 1918 baben
1133 1860 1277 1932 loquitur:
1306 1860 1383 1917 nisi
1406 1859 1517 1920 timot

345 1959 501 2034 epatris
528 1959 595 2019 mei
621 1959 727 2019 Isaac
754 1959 957 2031 adfuisset,
986 1959 1147 2020 tulisses
1175 1959 1292 2019 omnia
1321 1977 1412 2032 quae
1440 1976 1517 2018 mea

380 2066 475 2120 sunt.
498 2063 585 2136 gente
607 2077 676 2121 uero
699 2065 781 2135 pater
796 2062 910 2135 dicitur,
926 2064 1038 2136 quando
1054 2063 1193 2122 Dominus
1208 2064 1244 2121 ad
1260 2063 1379 2137 Moysen
1395 2063 1430 2122 de
1446 2064 1517 2122 rubo

379 2163 566 2238 loquebatur,
590 2179 655 2236 ogo
670 2180 761 2241 snm,
784 2162 932 2237 inquiens,
955 2163 1052 2222 Deus
1074 2165 1218 2238 patrum
1239 2165 1400 2234 tuorum‘,
1424 2162 1517 2221 Deus

380 2264 574 2337 Abrabam,
596 2265 694 2324 Dens
709 2266 824 2338 Isaac,
839 2264 934 2324 Deus
949 2264 1069 2324 Iacob.
1086 2267 1180 2325 aetate
1192 2268 1288 2324 autem
1301 2264 1411 2338 pariter
1422 2265 1516 2323 etad·

380 2366 535 2426 monitione
548 2369 632 2441 pater
647 2367 763 2438 dicitur,
779 2383 843 2427 cum
856 2368 970 2442 Moyses
986 2366 1016 2424 in
1027 2366 1138 2425 cantico
1149 2366 1362 2427 Deuteronomii
1373 2366 1517 2441 loquitur:

348 2469 579 2542 nointerroga
608 2472 750 2543 patrem
783 2471 898 2541 tuum,
927 2471 962 2527 et
984 2469 1229 2528 adnuntiabit
1251 2468 1323 2527 tibi
1352 2468 1519 2543 [maiores

380 2574 472 2642 tuos,
495 2574 532 2631 et
554 2572 681 2630 dicent
704 2571 796 2646 tibi].
820 2571 895 2646 quod
917 2570 943 2630 si
957 2587 1025 2644 ergo
1040 2569 1183 2629 naturalis
1198 2573 1280 2643 pater
1296 2574 1443 2644 superstes
1460 2587 1515 2628 non

380 2672 468 2731 luerit
483 2675 534 2732 ant
550 2672 687 2746 indignus
702 2672 801 2744 fuerit,
817 2673 979 2732 admonenti
995 2677 1091 2732 tamen
1106 2675 1158 2731 aut
1173 2672 1279 2731 seniori
1294 2673 1331 2731 ab
1346 2672 1516 2731 adulescen-

379 2775 458 2834 tibus
474 2775 655 2835 obcedientia
666 2776 831 2849 praebenda
838 2776 903 2835 en‘t.
919 2775 1059 2847 quomodo
1072 2775 1147 2834 enim
1159 2775 1316 2833 honoratus
1327 2773 1357 2831 in
1371 2776 1518 2833 senectute

450 3015 483 3067 14
502 3013 568 3068 Gen.
588 3013 631 3077 31,
648 3014 691 3067 4⁶2.
798 3015 830 3067 li
848 3014 896 3070 lix.
915 3015 941 3079 3,
959 3017 984 3069 6.
1089 3016 1284 3083 tenentes,
1303 3018 1327 3070 l.

448 3228 462 3278 1
483 3225 633 3279 ministrari
650 3225 703 3278 eibi
722 3225 787 3292 (sibi
805 3242 856 3280 ooo.
879 3227 956 3296 G¹Vl
975 3227 1023 3281 ille
1039 3227 1095 3296 (illi
1117 3228 1153 3297 V)
1176 3229 1238 3296 GV,
1263 3229 1374 3299 obsequi
1397 3232 1450 3286 sibi
1469 3230 1519 3286 ille

380 3314 418 3375 X,
437 3310 500 3363 aliis
519 3310 701 3362 ministerium
719 3325 736 3362 o
903 3314 993 3380 sperat
1014 3311 1105 3366 Gaesi
1122 3316 1153 3366 ot
1169 3315 1202 3366 in
1219 3330 1284 3379 raa,
1304 3317 1449 3384 imperabit
1466 3337 1482 3373 o

378 3410 406 3446 se
426 3393 575 3447 senioribus
593 3397 639 3448 Xo
753 3395 935 3449 oboedientem
957 3397 996 3450 Vo
1109 3397 1244 3452 3seruire
1266 3401 1297 3465 V,
1315 3400 1484 3458 dominaris

380 3479 507 3547 denegat]
526 3482 642 3547 nequeat
663 3479 689 3533 V
825 3481 923 3534 idum
942 3496 993 3536 om.
1012 3484 1045 3535 X
1176 3471 1334 3554 biae-uenit
1361 3490 1399 3551 X,
1426 3504 1521 3556 perue-

380 3568 457 3618 nerat
479 3563 520 3617 Vv
624 3565 716 3619 esuis
734 3581 784 3619 om.
804 3568 837 3619 X
943 3566 1073 3637 exhibuit]
1093 3569 1269 3636 praestitito
1373 3573 1519 3643 'lita1ito

380 3652 497 3703 etiams
610 3651 673 3703 8et
691 3651 732 3719 in]
750 3651 826 3706 inV
928 3651 961 3705 13
978 3652 1171 3723 admonitione]
1192 3655 1338 3724 adoptione
1356 3659 1389 3711 X
1492 3678 1506 3714 e

380 3738 470 3788 aetate
487 3751 504 3790 o
668 3735 702 3790 14
719 3736 867 3790 naturali·-
888 3737 919 3804 V,
936 3738 1097 3792 naturaliter
1120 3738 1193 3805 GX;
1210 3740 1279 3805 sort.
1297 3744 1418 3798 naturali
1436 3760 1483 3815 per

381 3822 414 3874 16
432 3820 465 3873 do
483 3819 550 3874 rubo
568 3819 603 3873 ad
621 3837 731 3889 moysen
748 3837 765 3875 o
886 3823 1037 3892 repetitor
1055 3827 1083 3878 et
1100 3827 1251 3882 monitione
1269 3831 1307 3892 X,
1325 3832 1403 3896 pater
1418 3830 1521 3885 dicitur

380 3908 407 3959 et
424 3905 494 3959 adm,
518 3906 544 3959 V
542 3931 716 3970 eeeeeeee
734 3910 762 3962 et
779 3908 970 3963 ammonitione
991 3908 1082 3965 Gaesi
1099 3925 1144 3964 am
1160 3927 1182 3968 s.
1201 3913 1218 3967 l.
1235 3929 1270 3967 m.
1289 3917 1317 3979 2,
1337 3917 1366 3969 et
1383 3915 1454 3970 adm.
1474 3933 1522 3986 pa·

379 3991 477 4044 ritero
576 3991 612 4044 20
629 3990 805 4046 adnuntiauit
827 3993 907 4047 G¹X¹
996 3995 1110 4049 maiores
1128 3999 1150 4053 t.
1169 4014 1192 4051 e.
1211 3999 1237 4052 d.
1256 3999 1311 4054 tibi
1330 4016 1379 4054 om.
1403 4001 1489 4056 GXV

378 4076 410 4126 21
430 4076 500 4144 qnod
519 4092 570 4130 oiri.
593 4077 625 4140 V,
644 4076 714 4131 unde
733 4081 766 4130 X
856 4093 920 4146 ergo
937 4094 988 4132 om.
1007 4082 1040 4132 X
1140 4085 1217 4149 pater
1234 4099 1285 4138 oon.
1304 4087 1335 4136 X
1432 4087 1468 4140 22
1486 4088 1520 4141 ab

378 4158 592 4216 aduliscentibus
613 4161 674 4225 GV,
693 4161 861 4217 adulescenti
880 4166 918 4230 X,
935 4162 1148 4221 adolescentiae
1267 4169 1303 4224 23
1321 4172 1392 4226 enim
1413 4189 1464 4228 om.
1487 4173 1519 4240 V,

380 4261 442 4313 erge
463 4264 477 4299 e·
