3720 4920
898 318 988 376 Vita.
1452 337 1513 388 (ΠΧ

370 477 428 542 bus
440 495 475 542 er
491 476 577 543 omni
591 477 680 560 parts
696 475 836 542 densatis
851 475 987 542 sublime
1003 475 1217 559 spectaculum
1232 475 1392 559 praebeat.
1407 476 1443 541 at
1456 494 1513 559 por

369 582 589 647 enormitatem
614 581 710 665 spatii
736 579 889 665 longioris
915 579 986 645 uisu
1014 580 1165 664 denegato
1191 581 1244 644 uel
1266 599 1323 663 per
1349 578 1512 645 confusam

367 683 464 747 nimis
484 684 610 748 turbam
625 701 776 766 personae
791 681 932 749 fauentes
945 681 979 747 in
993 701 1097 748 ramos
1112 683 1261 748 arbomm
1276 684 1449 766 repserant,
1470 701 1510 749 ne

368 785 419 850 uel
434 786 492 850 hoc
505 786 555 851 illi
569 786 748 871 negaretur,
764 787 801 850 ut
812 785 851 850 ad
863 784 1012 851 Zacchaei
1027 784 1275 850 similitudinem
1289 785 1328 850 de
1343 784 1510 851 arboribus

347 890 535 955 rmderetur.
552 890 606 954 sed
617 890 683 954 iam
698 887 808 974 ligatis
820 908 876 971 per
887 906 999 953 manus
1014 906 1086 953 suas
1100 888 1200 954 oculis
1214 905 1338 953 moram
1353 888 1510 954 carnificis

367 1010 478 1074 urgere
499 991 686 1074 temptabat,
709 991 799 1056 cuius
820 1008 935 1056 munus
958 992 1007 1055 est
1028 990 1156 1074 ferrum,
1180 991 1212 1056 et
1233 990 1359 1056 labente
1381 991 1510 1056 dextera

366 1094 510 1178 gladium
531 1094 586 1157 uix
604 1092 815 1160 ¹trementibus
837 1092 949 1176 digitis
970 1093 1134 1175 circuibat,
1157 1093 1256 1158 donec
1270 1093 1311 1158 ad
1325 1096 1509 1175 perpetran-

366 1197 438 1261 dam
459 1197 588 1277 pretiosi
610 1196 671 1260 uiri
691 1196 827 1260 mortem
842 1195 1072 1261 clarificationis
1087 1195 1165 1260 hora
1178 1196 1304 1260 matura
1319 1195 1509 1261 centurionis

366 1318 496 1364 manum
525 1316 669 1365 concesso
698 1298 831 1380 desuper
859 1297 969 1382 uigore
998 1297 1158 1363 firmatam
1186 1297 1349 1380 permissis
1379 1298 1508 1363 tandem

331 1420 358 1461 ro
366 1401 489 1467 uiribus
510 1399 679 1485 expediret.
702 1401 865 1466 obeatum
886 1400 1034 1466 ecclesiae
1054 1401 1206 1483 populum
1221 1400 1275 1482 qui
1292 1399 1436 1482 episcopo
1451 1417 1507 1466 suo

367 1504 485 1570 talibus
496 1506 529 1569 at
540 1505 639 1569 oculis
653 1504 773 1589 pariter
787 1505 820 1569 ot
831 1503 974 1570 sensibus
990 1505 1022 1569 et
1032 1505 1115 1586 qnod
1130 1502 1331 1587 estamplius
1344 1502 1508 1595 publicata

366 1624 441 1671 uoco
462 1624 641 1689 compassus
656 1608 706 1671 ost
720 1606 763 1686 et,
784 1606 868 1671 sicut
882 1607 949 1687 ipso
964 1606 1119 1671 tractante
1134 1624 1257 1687 semper
1271 1605 1424 1683 audierat,
1439 1604 1506 1669 Deo

365 1707 468 1773 iudice
489 1709 654 1774 coronatus
677 1709 735 1773 est.
761 1709 908 1790 quamuis
930 1708 1012 1774 enim
1035 1727 1096 1773 non
1118 1708 1259 1789 potuerit
1281 1706 1408 1773 euenire
1423 1705 1506 1789 quod

365 1810 515 1891 optabant
536 1812 610 1875 uota
630 1810 819 1894 communia,
843 1812 880 1874 ut
896 1810 1048 1876 consortio
1068 1811 1154 1893 paris
1170 1809 1289 1894 gloriae
1304 1810 1402 1875 simul
1415 1807 1506 1892 plebs

330 1912 435 1976 ntota
455 1912 632 1994 pateretur:
655 1911 845 1993 quicumque
866 1911 924 1975 sub
940 1910 1058 1976 Christi
1079 1912 1250 1992 spectantis
1273 1911 1372 1977 oculis
1394 1912 1426 1976 et
1446 1907 1505 1976 sub

365 2013 493 2078 auribus
517 2011 688 2079 sacerdotis
710 2012 868 2079 exanimo
890 2013 959 2095 pati
981 2013 1092 2094 uoluit,
1114 2033 1171 2097 per
1193 2013 1341 2079 idoneum
1364 2013 1433 2080 uoti
1455 2011 1506 2078 sui

365 2116 479 2181 testem
494 2115 662 2200 legationis
677 2115 905 2197 quodammodo
920 2116 1045 2181 litteras
1060 2118 1100 2181 ad
1115 2118 1218 2182 Deum
1234 2117 1333 2181 misit.

408 2215 459 2283 Sic
485 2219 701 2283 consummata
728 2219 870 2300 passione
896 2218 1069 2301 perfectum
1095 2219 1152 2299 ost,
1182 2221 1220 2284 ut
1247 2218 1420 2302 Cyprianus
1450 2217 1505 2300 qui
1518 2219 1557 2282 10

364 2318 516 2383 bonorum
539 2318 680 2384 omnium
703 2318 809 2385 fuerat
832 2321 1009 2402 exemplum
1029 2321 1126 2387 etiam
1148 2321 1356 2386 sacerdotales
1378 2338 1506 2385 coronas

329 2421 399 2485 scin
420 2421 530 2485 Africa
553 2421 676 2503 primns
701 2422 867 2499 imbueret,
898 2421 973 2504 quia
997 2423 1029 2487 et
1055 2423 1131 2487 talis
1156 2441 1223 2487 osse
1248 2423 1321 2505 post
1346 2422 1505 2504 apostolos

363 2522 448 2605 prior
463 2525 615 2605 coeperat.
632 2542 670 2587 er
681 2542 742 2604 quo
757 2522 842 2587 enim
854 2522 1039 2607 Carthagini
1054 2524 1252 2606 episcopatus
1267 2525 1342 2589 ordo
1356 2543 1505 2591 numera-

363 2625 425 2703 tur,
446 2644 618 2707 numquam
639 2625 755 2707 aliquis
775 2624 921 2706 quamuis
937 2643 973 2690 ex
990 2624 1076 2691 bonis
1092 2626 1125 2690 et
1139 2626 1353 2692 sacerdotibus
1373 2628 1414 2692 ad
1429 2647 1504 2711 pas·

363 2728 482 2793 sionem
504 2727 626 2792 uenisse
647 2729 850 2792 memoratur.
872 2727 949 2792 licet
964 2747 1087 2810 semper
1101 2729 1167 2794 Deo
1181 2729 1363 2809 mancipata
1377 2729 1505 2794 deuotio

362 2829 476 2894 dicatis
508 2829 688 2894 hominibus
718 2846 773 2910 pro
803 2829 957 2912 martyrio
987 2830 1163 2911 deputetur,
1194 2828 1368 2912 Cyprianus
1397 2832 1504 2896 tamen

327 2956 353 2998 a
363 2930 460 2996 etiam
475 2932 515 2996 ad
531 2930 703 3014 perfectam
724 2950 868 2997 coronam
882 2931 1017 2995 Domino
1038 2933 1276 3000 consummante
1295 2933 1445 3015 proiecit:
1468 2933 1505 2998 ut

361 3035 394 3099 iu
415 3033 547 3098 ciuitate
571 3035 650 3114 ipsa,
677 3035 710 3098 in
731 3052 793 3115 qua
814 3034 923 3098 taliter
944 3034 1066 3099 uixerat
1086 3035 1118 3098 et
1139 3034 1255 3116 inqua
1277 3035 1364 3116 prior
1386 3033 1504 3099 fecerat

361 3136 465 3200 multa
489 3135 649 3217 praeclara
674 3135 760 3217 prior
787 3136 819 3199 et
845 3135 1009 3199 sacerdotii
1036 3135 1180 3201 caelestis
1202 3136 1340 3220 insignia
1366 3136 1504 3220 glom'oso

361 3255 469 3303 eruore
485 3238 653 3302 decoraret.
678 3237 754 3319 quid
769 3237 828 3302 hoc
842 3238 912 3302 loeo
926 3237 1063 3302 faciam?
1083 3238 1167 3304 inter
1181 3237 1334 3323 gaudium
1348 3237 1504 3322 passionis

362 3341 395 3403 et
416 3338 597 3404 remanendi
623 3338 762 3404 dolorem
789 3337 823 3402 in
846 3339 950 3420 partes
976 3339 1097 3405 diuisus
1123 3339 1248 3404 animus
1273 3339 1306 3405 et
1331 3341 1504 3424 angustum

414 3559 611 3614 ldensatisaa
624 3559 894 3628 sedensalispm.2
1002 3562 1093 3614 stom.
1107 3580 1135 3630 μ,
1149 3559 1316 3624 adeo,sedo
1429 3560 1504 3615 2uel

359 3660 407 3714 per
418 3664 447 3711 μ,
459 3660 506 3713 per
516 3662 534 3699 o
628 3643 646 3696 3
658 3642 798 3713 personae]
811 3660 951 3713 praossure
963 3660 1009 3713 cop
1103 3631 1243 3714 repserant
1254 3666 1283 3716 μ,
1296 3647 1469 3715 respirantia
1588 3680 1590 3684 ι

358 3730 537 3800 dncgarctao
616 3729 740 3798 zaebeip
821 3728 1049 3795 bniderentfort.
1131 3731 1198 3800 6et]
1211 3731 1332 3785 otiamco
1409 3729 1503 3784 laben·

359 3816 414 3868 tem
427 3813 595 3884 dertonamp
708 3814 817 3885 Chora]
830 3831 907 3882 orap
1023 3816 1055 3868 11
1068 3814 1134 3869 talis
1147 3836 1174 3883 μ,
1187 3814 1268 3870 talio
1381 3814 1502 3885 etquod]

359 3899 462 3968 qnodp
550 3903 656 3969 estps.
670 3900 769 3955 t.m.2
854 3899 1000 3970 publicare
1087 3901 1121 3953 12
1133 3901 1191 3970 ipso
1204 3917 1254 3955 om.
1268 3917 1293 3955 ro
1380 3901 1414 3954 14
1425 3900 1503 3971 uota]

359 3985 455 4039 uitam
536 3986 577 4055 ut]
591 3988 656 4040 etto
743 3985 841 4055 pariae
920 3985 1165 4056 lustramenta
1253 3985 1286 4040 17
1299 3986 1468 4055 legationico

360 4069 638 4138 monumemtum
720 4086 853 4126 coronano
935 4071 1116 4138 tortosam
1199 4071 1461 4126 asorbonuscceae
1472 4092 1501 4141 μ,

359 4155 516 4211 atbonisw
620 4156 856 4228 23mansipataw
959 4158 994 4214 25
1004 4157 1150 4228 pericoitp
1253 4158 1397 4228 Cdinqna
1407 4157 1503 4214 taliter

359 4256 419 4295 ne.
432 4241 450 4296 'a
463 4257 489 4311 q.
502 4241 577 4312 prior
588 4256 672 4313 ηιμ
777 4243 851 4313 prior
862 4257 951 4298 oraro
1053 4245 1087 4297 27
1100 4244 1137 4313 st]
1152 4243 1266 4299 etiamn
