3720 4920
423 348 482 412 108
892 341 1076 413 Appendin

417 500 586 573 prehendit,
623 502 697 562 dont
726 500 865 574 scriptum
894 503 954 561 est:
988 501 1108 575 palmo
1136 517 1280 561 mensus
1308 518 1381 560 sum
1411 502 1551 561 caelum

417 605 452 661 ot
474 620 592 677 pugno
620 603 871 678 conprehendi
898 591 1033 661 terram
1054 606 1090 663 et
1111 603 1276 663 confinxi
1306 603 1487 663 bominem
1509 619 1551 662 ex

417 705 514 763 omni
535 705 622 766 limo
644 708 782 766 terrae:
811 705 854 764 ad
875 704 1072 779 imaginem
1094 704 1160 764 Dei
1181 706 1251 765 feci
1283 703 1399 765 illum.
1426 706 1553 781 oportuit

417 805 499 864 illum
523 823 558 865 ex
583 807 630 866 his
657 809 792 882 quattuor
817 806 982 866 cardinibus
1009 807 1087 866 orbis
1114 810 1207 865 torrae
1233 823 1335 865 nomen
1350 808 1379 865 in
1394 824 1425 866 se
1440 810 1554 881 portare

416 907 526 966 Adem:
548 907 711 968 inuenimus
736 909 766 967 in
792 908 954 981 scripturis,
982 925 1033 982 par
1059 907 1187 982 singulos
1207 908 1339 967 cardines
1360 909 1440 967 orbis
1459 910 1575 969 terraee

418 1026 480 1068 esee
495 1027 513 1068 a
528 1011 672 1070 conditore
687 1011 786 1069 mundi
802 1012 938 1083 quattuor
948 1010 1050 1069 stellas
1064 1010 1236 1069 constitutas
1247 1009 1277 1067 in
1292 1010 1415 1084 singulis
1427 1011 1552 1069 cardini-

361 1090 366 1102 '
418 1110 480 1169 nus.
496 1111 588 1184 prima
603 1112 690 1171 sella
704 1111 853 1172 oriendus
867 1111 1110 1183 dictumue,
1126 1110 1447 1171 munemundus
1462 1112 1552 1186 oyen,

275 1246 279 1254 ·
295 1283 298 1290 1
418 1212 506 1271 tertia
520 1214 607 1273 stella
621 1213 764 1287 meilonis
779 1217 887 1285 arctus,
910 1217 1015 1288 quarta
1035 1215 1122 1274 stalla
1136 1213 1295 1274 meridiana
1309 1213 1416 1272 dioitm
1430 1229 1551 1272 mesem-

308 1321 310 1324 ⁴
419 1312 510 1372 brion.
533 1331 568 1374 cr
582 1314 746 1374 nominibus
761 1315 912 1375 stellarum
926 1332 1045 1376 numero
1060 1317 1197 1389 quattuor
1212 1315 1246 1374 de
1262 1314 1385 1388 singulis
1400 1313 1551 1373 stellarum

418 1413 579 1474 nominibus
603 1414 673 1475 tolle
699 1416 829 1489 singulas
844 1417 957 1476 litterae
980 1415 1161 1490 principales,
1186 1417 1221 1474 de
1236 1415 1322 1475 stella
1335 1416 1449 1475 anatole
1464 1436 1496 1487 α,
1517 1416 1552 1474 de
1564 1435 1589 1474 ro

418 1514 504 1573 stella
529 1516 607 1589 dysis
623 1515 654 1586 d,
680 1518 715 1576 de
741 1517 829 1577 stella
853 1519 947 1576 arctos
962 1536 993 1587 α,
1021 1520 1056 1576 de
1080 1518 1167 1576 stella
1186 1517 1374 1577 mesembrion
1390 1536 1429 1594 με
1457 1516 1554 1575 inhia

419 1616 555 1686 quattuor
568 1615 676 1675 litteris
691 1616 886 1676 cardinalibus
901 1618 991 1676 habea
1006 1633 1109 1676 nomen
1130 1615 1231 1694 αδαμ.
1254 1635 1321 1676 nam
1336 1621 1366 1677 et
1385 1618 1416 1676 in
1436 1634 1554 1678 numero

419 1717 495 1774 certo
525 1732 576 1789 per
603 1719 740 1789 quattuor
773 1717 887 1777 litterae
914 1718 1036 1778 Graecae
1061 1736 1163 1779 nomen
1189 1719 1356 1794 designatur
1383 1719 1489 1797 adca:
1512 1719 1555 1778 ita

419 1835 441 1875 α
462 1808 522 1894 μία
544 1812 565 1876 d
583 1811 727 1897 τέσσαρα
749 1837 771 1877 α
791 1810 852 1896 μία
872 1807 1152 1898 μτεσσαράκοντα
1174 1821 1260 1879 faciet
1284 1836 1431 1878 numerum
1458 1834 1552 1880 xuvr.

418 1918 466 1977 hio
499 1934 633 1979 uumerus
659 1934 744 1980 xuvr
768 1920 938 1992 musmonem
964 1920 1058 1980 carnis
1088 1922 1167 1981 Adae
1193 1922 1334 1994 designat,
1361 1939 1447 1995 quam
1473 1920 1590 1979 Adsere

419 2035 533 2078 carnem
560 2021 590 2078 in
605 2038 636 2079 se
662 2021 811 2095 figuralem
832 2021 965 2081 Christus
990 2023 1118 2095 portauit
1132 2027 1162 2081 et
1180 2041 1241 2082 eam
1256 2024 1285 2081 in
1301 2023 1381 2095 liguo
1395 2020 1555 2095 suspendit.

418 2136 491 2192 quae
511 2137 576 2181 caro
599 2121 742 2181 dominica
757 2139 776 2181 a
789 2122 849 2181 Deo
864 2124 945 2196 patre
961 2123 1027 2182 Iesu
1043 2124 1136 2183 uocite
1151 2127 1213 2183 est:
1237 2124 1357 2198 spiritus
1373 2127 1490 2182 sanctus
1506 2123 1557 2196 qui

419 2221 454 2280 de
475 2221 553 2280 caelo
574 2223 723 2281 descendit
742 2223 884 2294 cbristus,
905 2223 935 2281 id
956 2227 1000 2282 est
1021 2227 1123 2283 unctus
1139 2225 1192 2282 Dei
1207 2225 1267 2283 uiui
1281 2225 1340 2283 Deo
1364 2225 1478 2284 nocitus
1501 2227 1555 2294 est,

419 2321 538 2394 spiritus
553 2322 632 2380 cami
646 2322 753 2380 mixtus
767 2324 850 2382 Iasus
873 2322 1013 2382 Christus.
1031 2325 1078 2383 hic
1089 2340 1157 2397 ergo
1170 2341 1303 2383 uumerus
1319 2324 1556 2398 quadragesimus

419 2425 517 2481 sextus
537 2422 700 2496 passionom
722 2423 859 2493 declarat,
886 2440 918 2483 eo
940 2414 1024 2497 quod
1037 2428 1117 2484 sexto
1131 2426 1282 2485 millesimo
1298 2443 1372 2485 anuo
1387 2428 1458 2484 hora
1473 2427 1590 2484 senae

293 2553 307 2574 ·
419 2540 530 2596 paesus,
545 2535 698 2598 resurgens
712 2542 731 2583 a
744 2526 864 2583 mortuis
880 2527 1097 2600 quadragesimo
1117 2527 1163 2585 die
1178 2528 1208 2585 iu
1223 2528 1310 2586 caelis
1333 2527 1478 2587 ascendit:
1506 2529 1553 2585 uel

489 2739 511 2826 l·
523 2738 568 2791 Es.
585 2739 629 2801 40,
649 2740 690 2791 12.

489 2926 580 2977 lauru
601 2925 632 2984 Τ.
650 2928 693 2979 est
710 2926 765 2995 Μμ
868 2926 992 2993 caolosu
1092 2926 1318 2994 lconprohcndit
1336 2926 1390 2993 Μμ
1490 2940 1551 2979 con·

418 3008 685 3078 lixiT,fin1itMre
793 3008 993 3078 ariciense
1092 3009 1368 3080 4inselipseMT
1458 3010 1550 3063 boar-

419 3091 528 3146 dinibus
547 3093 583 3147 Μ
588 3112 595 3154 ;
613 3092 650 3157 cs.
665 3097 810 3162 p.1o7,6
949 3093 1126 3148 'lanatbolae
1145 3095 1180 3148 Μ
1314 3094 1427 3147 Sarius
1446 3093 1482 3147 Μ
1485 3095 1522 3147 ιΤ

419 3180 617 3247 μεσημβρίαν
704 3178 736 3232 11
756 3177 835 3246 dysee
855 3177 881 3231 Τ
964 3181 1040 3232 artus
1060 3179 1086 3232 T
1169 3178 1362 3234 mesembriae
1455 3179 1554 3233 1211-

418 3262 484 3317 bons
501 3264 538 3316 Μ
604 3262 638 3316 13
654 3262 814 3332 designatur
831 3262 952 3318 Adamc
1028 3264 1061 3317 14
1078 3263 1211 3332 μίαῙμία
1228 3262 1257 3317 id
1275 3266 1318 3317 eet
1336 3279 1454 3319 uuumo
1524 3264 1552 3333 d]

419 3352 447 3401 ot
466 3349 501 3402 Μ
568 3347 691 3414 τέσσαρα
709 3347 738 3401 id
757 3351 800 3402 est
816 3350 966 3416 quatuoro
1035 3355 1087 3416 μία
1104 3349 1133 3402 id
1145 3352 1187 3402 eet
1198 3366 1309 3404 unumc
1378 3353 1480 3403 tossma
1492 3365 1553 3402 oon·

418 3436 461 3486 tru
479 3433 568 3501 Mun,
585 3428 798 3500 τεσσαράκοντα
814 3432 842 3486 id
861 3436 903 3486 est
920 3431 1129 3502 quadragintae
1214 3433 1297 3487 faciet
1312 3436 1363 3501 Τμ,
1381 3433 1451 3487 iacit
1468 3433 1497 3485 in
1509 3433 1552 3494 Μ,

418 3518 461 3571 iac
479 3520 507 3570 ot
524 3517 646 3572 inuenies
663 3535 688 3582 c,
707 3533 738 3570 er
755 3517 854 3586 quibus
865 3518 980 3571 resultat
992 3517 1129 3571 mnemon
1244 3533 1370 3571 numerus
1383 3518 1519 3571 &comm

417 3600 506 3655 XLVI
522 3601 568 3655 hic
585 3617 710 3656 numerus
732 3616 782 3655 om.
801 3601 840 3655 Μ
859 3607 886 3653 et
910 3601 1046 3654 Erasmus
1167 3601 1359 3670 redarguens
1382 3601 1519 3654 Ermmae

418 3700 499 3752 quam
518 3684 584 3737 sdae
601 3686 710 3754 scripsi,
729 3685 796 3739 adae
818 3685 849 3749 T,
868 3700 948 3752 quam
959 3686 1003 3749 Μ,
1021 3685 1141 3739 eamdem
1160 3706 1179 3754 μ
1285 3686 1318 3740 16
1335 3685 1457 3756 portabit
1469 3686 1551 3747 Μ’Τ,

417 3770 547 3838 portabat
564 3770 613 3824 Μ’
727 3785 788 3823 oum
807 3769 844 3823 Τ·
960 3769 992 3823 17
1010 3768 1145 3824 dominica
1162 3786 1246 3825 oeno
1355 3771 1486 3825 addeum
1505 3786 1552 3839 pa·

418 3854 592 3908 tremissum
615 3857 641 3909 Τ
821 3855 878 3907 icen
896 3870 945 3907 one.
965 3875 984 3922 μ
1149 3859 1244 3908 uocata
1261 3875 1295 3920 μ,
1313 3856 1435 3908 uocitata
1452 3855 1518 3909 M‘o

420 3939 454 3992 18
477 3937 506 3992 id
529 3941 571 3992 est
595 3939 701 4008 unctus]
726 3939 833 3992 iunctus
857 3939 924 4002 MT,
948 3941 1044 3992 unctus
1067 3960 1086 4005 μ
1259 3938 1346 3993 adeo
1363 3954 1387 4001 o.
1411 3939 1518 4003 deuse

418 4026 531 4077 uocatus
548 4042 573 4088 e,
592 4023 726 4078 uocitatus
745 4043 765 4092 μ
944 4025 977 4078 19
995 4026 1083 4077 carnis
1101 4044 1121 4091 μ
1305 4024 1405 4078 mixtus
1423 4026 1465 4077 eat
1482 4023 1521 4077 Μ

418 4107 641 4178 quadragesimus
659 4111 750 4163 sertus
770 4110 823 4178 Τμ,
840 4108 927 4162 XLVI
946 4109 982 4162 Μ
1099 4109 1136 4163 20
1152 4108 1315 4162 millensimo
1334 4109 1369 4162 Μ
1483 4108 1553 4160 ale
1601 4106 1604 4112 '

417 4194 532 4248 mortuis
550 4210 691 4264 resurgens
709 4211 726 4249 o
800 4193 1023 4262 quadragensimo
1036 4194 1077 4257 Μ,
1091 4193 1323 4262 quadragesimae
1415 4193 1501 4247 caelos
1515 4208 1553 4261 μυ
