3720 4920
399 356 459 424 194
870 351 1052 422 appendix.

395 514 468 572 mal
491 512 624 587 diligit
646 511 769 571 simile
792 510 891 569 sibit
907 510 1068 570 etiterum:
1092 502 1527 567 uolatiliaadsibisimi·

396 614 448 675 lia
469 615 703 675 conueniunt.
734 614 784 672 sed
800 616 830 672 et
845 612 870 671 si
885 612 993 670 iemina
1008 610 1104 669 utilior
1119 608 1345 678 existimaretur,
1369 624 1425 666 non
1441 623 1526 678 opor·

396 720 477 778 tabat
491 718 618 778 earnalia
632 718 824 777 emolumenta
838 731 1011 787 praeponere
1023 712 1198 771 utilitatibus
1214 710 1389 786 spiritalium
1400 727 1527 770 commo·

397 822 494 879 dorum
510 820 540 877 et
554 818 725 890 expediebat
738 817 973 890 qualemcumque
988 814 1082 873 uirum
1097 813 1228 872 inutilem
1243 812 1384 870 sustinere
1399 829 1450 884 pro
1466 811 1527 870 exi-

396 921 560 980 stimatione
575 918 729 978 munienda
744 934 829 991 quam
844 917 933 976 bonos
947 916 1066 976 effectus
1088 914 1216 974 mulieris
1238 931 1302 973 cnm
1316 912 1548 974 existimationes

396 1023 574 1096 turpissima.
597 1022 672 1095 quod
688 1021 820 1079 Salomon
847 1021 994 1091 comparat
1020 1018 1132 1076 dicem:
1163 1016 1392 1087 meliorest,
1421 1016 1526 1089 inquit,

395 1124 583 1198 iniqnitas
613 1123 686 1182 uiri
717 1140 821 1195 quam
843 1120 1081 1180 benefaciens
1110 1118 1251 1178 mulier.
1275 1117 1439 1178 artificialia
1460 1120 1528 1177 suut

395 1226 491 1298 itaque
518 1241 629 1298 semper
644 1224 751 1282 diaboli
773 1222 928 1293 beneficia,
958 1223 1062 1296 quibus
1089 1222 1233 1296 ingenium
1261 1237 1329 1280 suae
1356 1219 1527 1280 calliditatis

395 1343 529 1385 exercens
545 1326 751 1385 sanctimoniae
773 1326 888 1385 deditos
910 1324 1017 1384 dolosis
1039 1323 1286 1383 commoditatibus
1308 1324 1390 1382 iuuat
1412 1325 1445 1381 ut
1459 1341 1526 1397 per·

395 1428 461 1486 dat:
485 1431 515 1486 et
535 1428 612 1485 inter
634 1429 815 1487 continentes
830 1426 913 1499 quasi
935 1426 1096 1486 necessaria
1110 1425 1300 1485 emolumenta
1314 1425 1422 1484 mutuis
1444 1425 1524 1484 adiu·
1536 1444 1562 1484 uo

395 1531 558 1588 numinibus
573 1529 797 1588 subministrans
811 1531 905 1602 adigit
918 1529 1000 1602 prius
1015 1529 1172 1588 masculum
1199 1531 1229 1587 et
1255 1527 1389 1586 lemiuam
1416 1527 1527 1602 pariter

396 1632 587 1707 [conuersaril
618 1634 651 1689 ut
676 1635 828 1706 postquam
855 1631 1064 1705 inseparabiles
1079 1630 1179 1690 iecerit
1201 1647 1251 1703 per
1265 1629 1404 1688 alterutm
1419 1629 1527 1689 solacia

395 1735 487 1806 possit
502 1735 628 1794 occidere
645 1735 745 1792 dantes
760 1732 906 1806 simplices
929 1733 1037 1791 animos
1059 1733 1095 1791 ad
1119 1731 1262 1790 castitatis
1285 1734 1352 1789 uota
1375 1732 1525 1804 seruanda,

394 1839 424 1895 et
438 1836 656 1911 inpugnationis
678 1852 746 1895 suae
769 1851 850 1894 arma
871 1834 1032 1894 subducens
1055 1832 1168 1891 interim
1185 1833 1267 1906 quasi
1282 1833 1414 1906 placidus
1429 1832 1525 1893 fautor

394 1939 524 2010 suggerit
538 1940 704 1997 sanctitatis
718 1942 903 2011 argumenta,
931 1938 1020 1997 donec
1045 1937 1154 1995 diutius
1169 1937 1245 1994 iuter
1258 1937 1357 1995 ambos
1381 1936 1559 1997 inimicumne

393 2040 503 2097 nutriat
518 2040 683 2098 amicitiam.
707 2041 779 2098 iacit
800 2039 931 2097 affabiles
947 2039 1068 2097 inuicem
1084 2038 1139 2095 sibi
1154 2040 1184 2096 et
1199 2037 1351 2108 desereire,
1375 2040 1405 2095 et
1420 2038 1525 2096 adsen-

394 2142 470 2199 tator
484 2140 608 2198 iniestus
625 2140 828 2213 impedimenta
843 2157 992 2199 remouens
1007 2140 1141 2197 uniuersa
1163 2137 1317 2198 commodis
1340 2156 1437 2197 eorum
1453 2156 1524 2212 gau·

394 2241 443 2297 det
456 2240 612 2300 efficaciam
628 2242 817 2312 commodare,
845 2243 877 2299 ut
893 2244 955 2299 tota
980 2259 1028 2300 eos
1044 2241 1159 2299 sibimet
1173 2240 1246 2313 ipsis
1261 2240 1431 2300 necessitate
1448 2257 1524 2300 com·

394 2343 529 2399 mendans
557 2342 690 2400 exhibere
718 2359 767 2400 eos
793 2343 886 2415 possit
913 2341 943 2400 in
959 2343 1128 2401 alterutmm
1144 2342 1231 2400 solita
1245 2342 1439 2401 consolatione
1454 2359 1524 2415 pen-

392 2442 468 2500 dere.
499 2459 556 2501 non
583 2442 648 2501 uult
673 2460 722 2501 eos
749 2443 779 2501 in
806 2444 902 2517 aliquo
925 2443 1070 2517 inpedire,
1102 2461 1136 2502 ue
1152 2448 1265 2518 separet
1280 2447 1340 2502 tam
1356 2444 1562 2517 spiritaliterao

392 2560 478 2617 quam
504 2544 668 2602 carnaliter.
700 2545 886 2604 inconcussos
911 2545 1000 2605 edicit
1016 2547 1122 2614 uiuere,
1150 2564 1185 2604 ue
1200 2547 1264 2619 ipsa
1279 2547 1428 2606 societatis
1443 2546 1528 2606 initia

392 2646 536 2703 inmaturo
553 2648 678 2718 tempore
709 2646 823 2704 foedera
848 2649 950 2720 coepta
975 2647 1156 2707 conturbent.
1180 2665 1268 2720 usque
1290 2648 1361 2706 adeo
1377 2647 1442 2706 illos
1457 2665 1525 2720 pro·

391 2746 555 2806 uidentibus
571 2746 683 2806 cunctis
698 2748 736 2806 ad
750 2749 910 2821 perfectum
933 2749 1097 2809 sanctitatis
1113 2750 1218 2808 inuitat
1234 2747 1314 2810 louet
1327 2750 1470 2822 subleuat,
1494 2755 1526 2811 ut

393 2847 445 2905 Dei
471 2865 533 2907 esse
559 2851 725 2921 computent
751 2850 891 2910 beneficia
916 2851 980 2924 ipsa
1006 2851 1158 2922 contraria,
1184 2852 1289 2924 quibus
1304 2852 1478 2911 inducuntur
1494 2857 1526 2913 ut

391 2951 525 3022 pereant,
552 2950 714 3010 nescientes
741 2968 896 3025 numquam
912 2953 1003 3011 Deum
1028 2954 1127 3011 inuare
1154 2953 1228 3025 quod
1243 2956 1332 3012 uetat.
1365 2954 1469 3027 quibus
1494 2955 1560 3015 inas

391 3053 503 3110 tantum
520 3052 651 3112 diabolus
678 3054 829 3115 blandiens
860 3056 1043 3115 securitatem
1068 3059 1220 3129 praeparat
1246 3056 1468 3129 sanctimoniae,
1492 3061 1525 3117 ut

391 3153 556 3212 coniunctos
584 3170 615 3212 se
630 3155 725 3229 magis
740 3157 894 3215 aestiment
909 3174 994 3229 quam
1010 3157 1167 3216 disiunctos
1190 3158 1350 3217 immobiles
1365 3158 1441 3218 circa
1456 3159 1523 3218 libi·

392 3252 487 3313 dinem
502 3255 674 3328 perdurare:
691 3274 763 3331 quos
785 3275 850 3317 cum
871 3259 948 3317 omni
970 3259 1181 3331 tranquillitate
1197 3259 1339 3319 deducens
1352 3260 1441 3319 nullis
1456 3279 1523 3334 pro·

461 3488 477 3540 1
496 3487 546 3540 Sir.
564 3488 608 3552 27,
625 3488 651 3540 9.
755 3490 772 3542 6
790 3489 841 3543 sur.
860 3490 903 3553 42,
924 3490 964 3544 14.

461 3709 475 3759 1
493 3708 540 3761 alt.
561 3709 613 3762 sibi
631 3725 718 3765 omo
812 3711 1057 3767 subaustero
1148 3713 1267 3768 ebenus
1288 3715 1323 3770 θ’
1424 3716 1439 3769 7
1457 3716 1524 3770 arti·

391 3791 473 3844 ficiali
492 3792 526 3846 0¹
642 3794 660 3847 8
679 3793 772 3863 itaque
793 3794 881 3849 (laed
899 3812 951 3864 qne
968 3813 988 3851 s.
1008 3798 1027 3852 1.
1046 3814 1081 3850 m.
1100 3802 1117 3850 2
1237 3798 1366 3853 beneficia
1384 3800 1428 3863 0¹,
1447 3817 1524 3855 uene·

390 3875 452 3928 ticia
469 3876 520 3931 G’o
658 3878 676 3931 9
694 3879 772 3932 iubat
794 3880 827 3935 0¹
966 3881 1205 3936 manumissores
1227 3884 1262 3938 0¹
1383 3885 1473 3954 adigit
1495 3887 1525 3950 0,

392 3960 453 4028 agit
470 3978 487 4016 u
590 3963 624 4017 12
642 3965 796 4018 conuersari
813 3980 864 4019 oeta
882 3965 905 4020 O
914 3988 916 3993 ·
1006 3967 1184 4036 inseparabile
1207 3969 1240 4025 θ’
1344 3970 1477 4025 alterutra
1494 3971 1524 4036 G,

393 4048 438 4099 utr
455 4063 476 4100 a.
494 4048 513 4100 t
529 4051 602 4101 uua
716 4048 750 4102 13
767 4047 849 4103 danto
872 4050 904 4107 0¹
1019 4052 1052 4105 16
1070 4053 1220 4107 amicitiam
1242 4054 1491 4122 cleoncordiamu

391 4132 445 4272 sibti
462 4132 614 4274 ginieemo
735 4134 770 4188 22
787 4136 967 4193 conturbetO
1086 4138 1276 4195 uidentibuso
1397 4142 1433 4196 25
1449 4159 1525 4212 pare·

392 4235 424 4271 a„
487 4221 495 4248 t
