<?xml version="1.0" encoding="UTF-8"?>
<!DOCTYPE html PUBLIC "-//W3C//DTD XHTML 1.0 Transitional//EN"
    "http://www.w3.org/TR/xhtml1/DTD/xhtml1-transitional.dtd">
<html xmlns="http://www.w3.org/1999/xhtml" xml:lang="en" lang="en">
 <head>
  <title>
</title>
<meta http-equiv="Content-Type" content="text/html;charset=utf-8" />
  <meta name='ocr-system' content='tesseract 3.04.00' />
  <meta name='ocr-capabilities' content='ocr_page ocr_carea ocr_par ocr_line ocrx_word'/>
</head>
<body>
  <div class='ocr_page' id='page_1' title='image "./sthascicaecilic00cyprgoog_0156.png"; bbox 0 0 3720 4920; ppageno 0'>
   <div class='ocr_carea' id='block_1_1' title="bbox 680 359 1527 431">
    <p class='ocr_par' dir='ltr' id='par_1_1' title="bbox 680 359 1527 431">
     <span class='ocr_line' id='line_1_1' title="bbox 680 359 1527 431; baseline 0.004 -17"><span class='ocrx_word' id='word_1_1' title='bbox 680 360 725 415; x_wconf 88' lang='lat' dir='ltr'>De</span> <span class='ocrx_word' id='word_1_2' title='bbox 743 359 830 415; x_wconf 90' lang='lat' dir='ltr'>bono</span> <span class='ocrx_word' id='word_1_3' title='bbox 849 360 1049 431; x_wconf 72' lang='lat' dir='ltr'>pudicitiae</span> <span class='ocrx_word' id='word_1_4' title='bbox 1067 376 1090 415; x_wconf 85' lang='lat' dir='ltr'>o.</span> <span class='ocrx_word' id='word_1_5' title='bbox 1110 360 1229 417; x_wconf 80' lang='lat'>12-14.</span> <span class='ocrx_word' id='word_1_6' title='bbox 1485 368 1527 430; x_wconf 89' lang='lat'>25</span> 
     </span>
    </p>
   </div>
   <div class='ocr_carea' id='block_1_2' title="bbox 361 515 1578 1103">
    <p class='ocr_par' dir='ltr' id='par_1_2' title="bbox 361 515 1578 1103">
     <span class='ocr_line' id='line_1_2' title="bbox 381 515 1528 595; baseline -0.003 -14"><span class='ocrx_word' id='word_1_7' title='bbox 381 523 522 582; x_wconf 87' lang='lat' dir='ltr'>uultibus.</span> <span class='ocrx_word' id='word_1_8' title='bbox 546 537 639 579; x_wconf 88' lang='lat' dir='ltr'>sermo</span> <span class='ocrx_word' id='word_1_9' title='bbox 662 530 692 579; x_wconf 90' lang='lat' dir='ltr'>et</span> <span class='ocrx_word' id='word_1_10' title='bbox 706 519 805 578; x_wconf 89' lang='lat' dir='ltr'>breuis</span> <span class='ocrx_word' id='word_1_11' title='bbox 820 519 861 578; x_wconf 92' lang='lat' dir='ltr'>sit</span> <span class='ocrx_word' id='word_1_12' title='bbox 876 524 907 579; x_wconf 92' lang='lat' dir='ltr'>et</span> <span class='ocrx_word' id='word_1_13' title='bbox 920 520 1034 578; x_wconf 89' lang='lat' dir='ltr'>sobrius</span> <span class='ocrx_word' id='word_1_14' title='bbox 1049 519 1135 591; x_wconf 90' lang='lat' dir='ltr'>risus,</span> <span class='ocrx_word' id='word_1_15' title='bbox 1158 515 1273 595; x_wconf 68' lang='lat' dir='ltr'>signum</span> <span class='ocrx_word' id='word_1_16' title='bbox 1288 523 1333 579; x_wconf 87' lang='lat' dir='ltr'>est</span> <span class='ocrx_word' id='word_1_17' title='bbox 1348 520 1424 579; x_wconf 89' lang='lat' dir='ltr'>enim</span> <span class='ocrx_word' id='word_1_18' title='bbox 1439 520 1528 579; x_wconf 72' lang='lat' dir='ltr'>ultimi</span> 
     </span>
     <span class='ocr_line' id='line_1_3' title="bbox 382 620 1527 684; baseline -0.004 0"><span class='ocrx_word' id='word_1_19' title='bbox 382 624 480 684; x_wconf 79' lang='lat' dir='ltr'>facilis</span> <span class='ocrx_word' id='word_1_20' title='bbox 501 626 531 683; x_wconf 91' lang='lat' dir='ltr'>et</span> <span class='ocrx_word' id='word_1_21' title='bbox 550 620 679 682; x_wconf 88' lang='lat' dir='ltr'>remissi:</span> <span class='ocrx_word' id='word_1_22' title='bbox 703 639 769 681; x_wconf 87' lang='lat' dir='ltr'>nem</span> <span class='ocrx_word' id='word_1_23' title='bbox 790 624 940 681; x_wconf 82' lang='lat' dir='ltr'>contectus</span> <span class='ocrx_word' id='word_1_24' title='bbox 961 623 1078 681; x_wconf 82' lang='lat' dir='ltr'>recedat</span> <span class='ocrx_word' id='word_1_25' title='bbox 1099 623 1187 681; x_wconf 87' lang='lat' dir='ltr'>etiem</span> <span class='ocrx_word' id='word_1_26' title='bbox 1202 623 1350 681; x_wconf 86' lang='lat' dir='ltr'>honestus.</span> <span class='ocrx_word' id='word_1_27' title='bbox 1373 620 1446 680; x_wconf 85' lang='lat' dir='ltr'>nihil</span> <span class='ocrx_word' id='word_1_28' title='bbox 1464 638 1527 680; x_wconf 88' lang='lat' dir='ltr'>cor-</span> 
     </span>
     <span class='ocr_line' id='line_1_4' title="bbox 382 722 1527 800; baseline -0.003 -16"><span class='ocrx_word' id='word_1_29' title='bbox 382 726 445 800; x_wconf 84' lang='lat' dir='ltr'>pori</span> <span class='ocrx_word' id='word_1_30' title='bbox 465 727 566 797; x_wconf 85' lang='lat' dir='ltr'>licest,</span> <span class='ocrx_word' id='word_1_31' title='bbox 596 724 644 782; x_wconf 89' lang='lat' dir='ltr'>ubi</span> <span class='ocrx_word' id='word_1_32' title='bbox 665 724 733 797; x_wconf 88' lang='lat' dir='ltr'>quid</span> <span class='ocrx_word' id='word_1_33' title='bbox 756 723 906 782; x_wconf 78' lang='lat' dir='ltr'>nitendum</span> <span class='ocrx_word' id='word_1_34' title='bbox 927 725 973 781; x_wconf 88' lang='lat' dir='ltr'>est</span> <span class='ocrx_word' id='word_1_35' title='bbox 994 722 1123 796; x_wconf 89' lang='lat' dir='ltr'>corporis</span> <span class='ocrx_word' id='word_1_36' title='bbox 1145 723 1257 784; x_wconf 89' lang='lat' dir='ltr'>uitium.</span> <span class='ocrx_word' id='word_1_37' title='bbox 1281 723 1424 796; x_wconf 72' lang='lat' dir='ltr'>cogitetur</span> <span class='ocrx_word' id='word_1_38' title='bbox 1442 741 1527 795; x_wconf 82' lang='lat' dir='ltr'>qurum</span> 
     </span>
     <span class='ocr_line' id='line_1_5' title="bbox 382 825 1528 899; baseline -0.001 -14"><span class='ocrx_word' id='word_1_39' title='bbox 382 828 535 888; x_wconf 89' lang='lat' dir='ltr'>honestum</span> <span class='ocrx_word' id='word_1_40' title='bbox 551 827 591 886; x_wconf 90' lang='lat' dir='ltr'>sit</span> <span class='ocrx_word' id='word_1_41' title='bbox 605 826 711 885; x_wconf 89' lang='lat' dir='ltr'>uicisse</span> <span class='ocrx_word' id='word_1_42' title='bbox 727 825 861 897; x_wconf 85' lang='lat' dir='ltr'>dedecus,</span> <span class='ocrx_word' id='word_1_43' title='bbox 878 843 963 899; x_wconf 81' lang='lat' dir='ltr'>quarn</span> <span class='ocrx_word' id='word_1_44' title='bbox 979 826 1164 884; x_wconf 85' lang='lat' dir='ltr'>inhonestum</span> <span class='ocrx_word' id='word_1_45' title='bbox 1178 825 1287 885; x_wconf 87' lang='lat' dir='ltr'>uictum</span> <span class='ocrx_word' id='word_1_46' title='bbox 1303 841 1367 884; x_wconf 91' lang='lat' dir='ltr'>esse</span> <span class='ocrx_word' id='word_1_47' title='bbox 1381 825 1528 884; x_wconf 81' lang='lat' dir='ltr'>dedecore.</span> 
     </span>
     <span class='ocr_line' id='line_1_6' title="bbox 361 925 1578 1001; baseline 0 -17"><span class='ocrx_word' id='word_1_48' title='bbox 361 951 372 984; x_wconf 68' lang='lat' dir='ltr'>e</span> <span class='ocrx_word' id='word_1_49' title='bbox 425 930 582 989; x_wconf 78' lang='lat' dir='ltr'>Dicendum</span> <span class='ocrx_word' id='word_1_50' title='bbox 609 928 706 998; x_wconf 83' lang='lat' dir='ltr'>etiem,</span> <span class='ocrx_word' id='word_1_51' title='bbox 733 928 809 1000; x_wconf 88' lang='lat' dir='ltr'>quod</span> <span class='ocrx_word' id='word_1_52' title='bbox 835 927 1010 986; x_wconf 72' lang='lat' dir='ltr'>adulterium</span> <span class='ocrx_word' id='word_1_53' title='bbox 1036 927 1173 1001; x_wconf 78' lang='lat' dir='ltr'>uoluptas</span> <span class='ocrx_word' id='word_1_54' title='bbox 1199 930 1332 1000; x_wconf 87' lang='lat' dir='ltr'>nonest,</span> <span class='ocrx_word' id='word_1_55' title='bbox 1353 927 1403 986; x_wconf 79' lang='lat' dir='ltr'>seu</span> <span class='ocrx_word' id='word_1_56' title='bbox 1426 925 1578 986; x_wconf 73' lang='lat' dir='ltr'>mutuuu</span> 
     </span>
     <span class='ocr_line' id='line_1_7' title="bbox 381 1027 1528 1103; baseline -0.003 -12"><span class='ocrx_word' id='word_1_57' title='bbox 381 1030 571 1092; x_wconf 85' lang='lat' dir='ltr'>contumelia:</span> <span class='ocrx_word' id='word_1_58' title='bbox 595 1046 647 1090; x_wconf 92' lang='lat' dir='ltr'>uec</span> <span class='ocrx_word' id='word_1_59' title='bbox 671 1027 815 1089; x_wconf 83' lang='lat' dir='ltr'>delectere</span> <span class='ocrx_word' id='word_1_60' title='bbox 840 1031 937 1103; x_wconf 88' lang='lat' dir='ltr'>potest</span> <span class='ocrx_word' id='word_1_61' title='bbox 963 1031 1039 1102; x_wconf 86' lang='lat' dir='ltr'>qnod</span> <span class='ocrx_word' id='word_1_62' title='bbox 1060 1033 1089 1088; x_wconf 90' lang='lat' dir='ltr'>et</span> <span class='ocrx_word' id='word_1_63' title='bbox 1109 1028 1233 1088; x_wconf 78' lang='lat' dir='ltr'>unimam</span> <span class='ocrx_word' id='word_1_64' title='bbox 1254 1028 1409 1088; x_wconf 81' lang='lat' dir='ltr'>interficiat</span> <span class='ocrx_word' id='word_1_65' title='bbox 1429 1032 1459 1087; x_wconf 90' lang='lat' dir='ltr'>ot</span> <span class='ocrx_word' id='word_1_66' title='bbox 1474 1046 1528 1102; x_wconf 89' lang='lat' dir='ltr'>pn·</span> 
     </span>
    </p>
   </div>
   <div class='ocr_carea' id='block_1_3' title="bbox 345 1130 1528 2324">
    <p class='ocr_par' dir='ltr' id='par_1_3' title="bbox 380 1130 1527 1408">
     <span class='ocr_line' id='line_1_8' title="bbox 382 1130 1527 1204; baseline -0.003 -12"><span class='ocrx_word' id='word_1_67' title='bbox 382 1135 487 1194; x_wconf 86' lang='lat' dir='ltr'>dorem.</span> <span class='ocrx_word' id='word_1_68' title='bbox 512 1134 642 1192; x_wconf 79' lang='lat' dir='ltr'>coerceat</span> <span class='ocrx_word' id='word_1_69' title='bbox 668 1131 781 1190; x_wconf 81' lang='lat' dir='ltr'>animus</span> <span class='ocrx_word' id='word_1_70' title='bbox 804 1131 939 1190; x_wconf 87' lang='lat' dir='ltr'>stimulos</span> <span class='ocrx_word' id='word_1_71' title='bbox 960 1131 1065 1201; x_wconf 84' lang='lat' dir='ltr'>cernis,</span> <span class='ocrx_word' id='word_1_72' title='bbox 1090 1131 1215 1190; x_wconf 79' lang='lat' dir='ltr'>refrenet</span> <span class='ocrx_word' id='word_1_73' title='bbox 1236 1130 1374 1204; x_wconf 86' lang='lat' dir='ltr'>impeturn</span> <span class='ocrx_word' id='word_1_74' title='bbox 1390 1131 1527 1202; x_wconf 85' lang='lat' dir='ltr'>corporis.</span> 
     </span>
     <span class='ocr_line' id='line_1_9' title="bbox 380 1232 1525 1307; baseline -0.002 -15"><span class='ocrx_word' id='word_1_75' title='bbox 380 1234 491 1305; x_wconf 81' lang='lat' dir='ltr'>accepit</span> <span class='ocrx_word' id='word_1_76' title='bbox 512 1233 587 1291; x_wconf 88' lang='lat' dir='ltr'>enim</span> <span class='ocrx_word' id='word_1_77' title='bbox 610 1234 685 1294; x_wconf 81' lang='lat' dir='ltr'>hanc</span> <span class='ocrx_word' id='word_1_78' title='bbox 705 1236 890 1307; x_wconf 81' lang='lat' dir='ltr'>potestatem,</span> <span class='ocrx_word' id='word_1_79' title='bbox 913 1237 947 1292; x_wconf 93' lang='lat' dir='ltr'>nt</span> <span class='ocrx_word' id='word_1_80' title='bbox 961 1232 1007 1292; x_wconf 90' lang='lat' dir='ltr'>illi</span> <span class='ocrx_word' id='word_1_81' title='bbox 1021 1234 1057 1292; x_wconf 82' lang='lat' dir='ltr'>sd</span> <span class='ocrx_word' id='word_1_82' title='bbox 1074 1232 1226 1306; x_wconf 88' lang='lat' dir='ltr'>imperium</span> <span class='ocrx_word' id='word_1_83' title='bbox 1242 1232 1304 1293; x_wconf 91' lang='lat' dir='ltr'>eius</span> <span class='ocrx_word' id='word_1_84' title='bbox 1320 1234 1449 1292; x_wconf 86' lang='lat' dir='ltr'>membre</span> <span class='ocrx_word' id='word_1_85' title='bbox 1465 1249 1525 1291; x_wconf 87' lang='lat' dir='ltr'>ser·</span> 
     </span>
     <span class='ocr_line' id='line_1_10' title="bbox 380 1333 1527 1408; baseline 0.002 -17"><span class='ocrx_word' id='word_1_86' title='bbox 380 1333 485 1405; x_wconf 89' lang='lat' dir='ltr'>nirent,</span> <span class='ocrx_word' id='word_1_87' title='bbox 501 1337 531 1392; x_wconf 85' lang='lat' dir='ltr'>et</span> <span class='ocrx_word' id='word_1_88' title='bbox 545 1335 627 1407; x_wconf 79' lang='lat' dir='ltr'>qnasi</span> <span class='ocrx_word' id='word_1_89' title='bbox 643 1334 791 1408; x_wconf 77' lang='lat' dir='ltr'>legitimus</span> <span class='ocrx_word' id='word_1_90' title='bbox 807 1335 1004 1408; x_wconf 74' lang='lat' dir='ltr'>supertectus</span> <span class='ocrx_word' id='word_1_91' title='bbox 1020 1335 1122 1408; x_wconf 82' lang='lat' dir='ltr'>surige</span> <span class='ocrx_word' id='word_1_92' title='bbox 1142 1334 1221 1393; x_wconf 84' lang='lat' dir='ltr'>ultre</span> <span class='ocrx_word' id='word_1_93' title='bbox 1235 1351 1385 1393; x_wconf 84' lang='lat' dir='ltr'>concessus</span> <span class='ocrx_word' id='word_1_94' title='bbox 1400 1335 1527 1406; x_wconf 86' lang='lat' dir='ltr'>eorporis</span> 
     </span>
    </p>

    <p class='ocr_par' dir='ltr' id='par_1_4' title="bbox 346 1435 1528 1916">
     <span class='ocr_line' id='line_1_11' title="bbox 346 1435 1526 1511; baseline -0.002 -15"><span class='ocrx_word' id='word_1_95' title='bbox 346 1437 472 1496; x_wconf 60' lang='lat' dir='ltr'>romeus</span> <span class='ocrx_word' id='word_1_96' title='bbox 493 1435 664 1496; x_wconf 74' lang='lat' dir='ltr'>extollentes</span> <span class='ocrx_word' id='word_1_97' title='bbox 685 1453 716 1495; x_wconf 92' lang='lat' dir='ltr'>se</span> <span class='ocrx_word' id='word_1_98' title='bbox 738 1437 833 1496; x_wconf 85' lang='lat' dir='ltr'>cernis</span> <span class='ocrx_word' id='word_1_99' title='bbox 849 1438 973 1511; x_wconf 85' lang='lat' dir='ltr'>impetus</span> <span class='ocrx_word' id='word_1_100' title='bbox 989 1436 1155 1497; x_wconf 85' lang='lat' dir='ltr'>caelestium</span> <span class='ocrx_word' id='word_1_101' title='bbox 1173 1440 1388 1511; x_wconf 82' lang='lat' dir='ltr'>preoceptorum</span> <span class='ocrx_word' id='word_1_102' title='bbox 1404 1437 1526 1495; x_wconf 83' lang='lat' dir='ltr'>habenis</span> 
     </span>
     <span class='ocr_line' id='line_1_12' title="bbox 381 1537 1527 1612; baseline 0.002 -17"><span class='ocrx_word' id='word_1_103' title='bbox 381 1537 518 1611; x_wconf 80' lang='lat' dir='ltr'>reflectet,</span> <span class='ocrx_word' id='word_1_104' title='bbox 546 1554 582 1596; x_wconf 85' lang='lat' dir='ltr'>ne</span> <span class='ocrx_word' id='word_1_105' title='bbox 602 1539 680 1596; x_wconf 82' lang='lat' dir='ltr'>ultra</span> <span class='ocrx_word' id='word_1_106' title='bbox 705 1537 843 1597; x_wconf 85' lang='lat' dir='ltr'>terminos</span> <span class='ocrx_word' id='word_1_107' title='bbox 864 1555 931 1598; x_wconf 89' lang='lat' dir='ltr'>snos</span> <span class='ocrx_word' id='word_1_108' title='bbox 953 1555 1055 1598; x_wconf 88' lang='lat' dir='ltr'>currus</span> <span class='ocrx_word' id='word_1_109' title='bbox 1071 1539 1127 1597; x_wconf 89' lang='lat' dir='ltr'>iste</span> <span class='ocrx_word' id='word_1_110' title='bbox 1143 1540 1269 1612; x_wconf 87' lang='lat' dir='ltr'>corporis</span> <span class='ocrx_word' id='word_1_111' title='bbox 1286 1541 1387 1611; x_wconf 83' lang='lat' dir='ltr'>raptus</span> <span class='ocrx_word' id='word_1_112' title='bbox 1404 1538 1433 1595; x_wconf 91' lang='lat' dir='ltr'>in</span> <span class='ocrx_word' id='word_1_113' title='bbox 1449 1538 1527 1609; x_wconf 89' lang='lat' dir='ltr'>peri·</span> 
     </span>
     <span class='ocr_line' id='line_1_13' title="bbox 381 1639 1527 1714; baseline -0.001 -16"><span class='ocrx_word' id='word_1_114' title='bbox 381 1639 477 1698; x_wconf 88' lang='lat' dir='ltr'>culum</span> <span class='ocrx_word' id='word_1_115' title='bbox 492 1657 575 1698; x_wconf 89' lang='lat' dir='ltr'>sunm</span> <span class='ocrx_word' id='word_1_116' title='bbox 591 1656 689 1699; x_wconf 88' lang='lat' dir='ltr'>secum</span> <span class='ocrx_word' id='word_1_117' title='bbox 703 1643 734 1698; x_wconf 93' lang='lat' dir='ltr'>et</span> <span class='ocrx_word' id='word_1_118' title='bbox 749 1640 844 1713; x_wconf 89' lang='lat' dir='ltr'>ipsum</span> <span class='ocrx_word' id='word_1_119' title='bbox 860 1641 955 1713; x_wconf 79' lang='lat' dir='ltr'>rapiat</span> <span class='ocrx_word' id='word_1_120' title='bbox 970 1642 1111 1714; x_wconf 79' lang='lat' dir='ltr'>uuurigsm.</span> <span class='ocrx_word' id='word_1_121' title='bbox 1135 1641 1186 1699; x_wconf 89' lang='lat' dir='ltr'>sed</span> <span class='ocrx_word' id='word_1_122' title='bbox 1202 1641 1277 1699; x_wconf 89' lang='lat' dir='ltr'>inter</span> <span class='ocrx_word' id='word_1_123' title='bbox 1292 1640 1373 1710; x_wconf 85' lang='lat' dir='ltr'>heco,</span> <span class='ocrx_word' id='word_1_124' title='bbox 1396 1640 1482 1699; x_wconf 89' lang='lat' dir='ltr'>immo</span> <span class='ocrx_word' id='word_1_125' title='bbox 1497 1643 1527 1699; x_wconf 88' lang='lat' dir='ltr'>et</span> 
     </span>
     <span class='ocr_line' id='line_1_14' title="bbox 379 1742 1520 1810; baseline 0 -11"><span class='ocrx_word' id='word_1_126' title='bbox 379 1743 446 1800; x_wconf 82' lang='lat' dir='ltr'>ento</span> <span class='ocrx_word' id='word_1_127' title='bbox 468 1743 549 1810; x_wconf 84' lang='lat' dir='ltr'>hsec,</span> <span class='ocrx_word' id='word_1_128' title='bbox 577 1744 677 1800; x_wconf 84' lang='lat' dir='ltr'>contre</span> <span class='ocrx_word' id='word_1_129' title='bbox 697 1742 798 1800; x_wconf 81' lang='lat' dir='ltr'>turbes</span> <span class='ocrx_word' id='word_1_130' title='bbox 821 1746 850 1801; x_wconf 88' lang='lat' dir='ltr'>et</span> <span class='ocrx_word' id='word_1_131' title='bbox 872 1743 945 1801; x_wconf 78' lang='lat' dir='ltr'>ruitis</span> <span class='ocrx_word' id='word_1_132' title='bbox 964 1744 1060 1802; x_wconf 83' lang='lat' dir='ltr'>omniu</span> <span class='ocrx_word' id='word_1_133' title='bbox 1080 1743 1115 1801; x_wconf 85' lang='lat' dir='ltr'>de</span> <span class='ocrx_word' id='word_1_134' title='bbox 1140 1742 1247 1802; x_wconf 84' lang='lat' dir='ltr'>diuinis</span> <span class='ocrx_word' id='word_1_135' title='bbox 1261 1742 1366 1801; x_wconf 86' lang='lat' dir='ltr'>cestris</span> <span class='ocrx_word' id='word_1_136' title='bbox 1382 1742 1520 1800; x_wconf 79' lang='lat' dir='ltr'>auxilium</span> 
     </span>
     <span class='ocr_line' id='line_1_15' title="bbox 379 1841 1528 1916; baseline -0.002 -14"><span class='ocrx_word' id='word_1_137' title='bbox 379 1843 534 1916; x_wconf 73' lang='lat' dir='ltr'>petendm</span> <span class='ocrx_word' id='word_1_138' title='bbox 556 1845 616 1902; x_wconf 89' lang='lat' dir='ltr'>ost:</span> <span class='ocrx_word' id='word_1_139' title='bbox 639 1843 719 1902; x_wconf 91' lang='lat' dir='ltr'>solus</span> <span class='ocrx_word' id='word_1_140' title='bbox 740 1846 786 1902; x_wconf 87' lang='lat' dir='ltr'>est</span> <span class='ocrx_word' id='word_1_141' title='bbox 805 1844 881 1902; x_wconf 87' lang='lat' dir='ltr'>enirn</span> <span class='ocrx_word' id='word_1_142' title='bbox 903 1848 1005 1916; x_wconf 90' lang='lat' dir='ltr'>potens</span> <span class='ocrx_word' id='word_1_143' title='bbox 1020 1843 1098 1902; x_wconf 84' lang='lat' dir='ltr'>llens</span> <span class='ocrx_word' id='word_1_144' title='bbox 1119 1843 1169 1916; x_wconf 89' lang='lat' dir='ltr'>qui</span> <span class='ocrx_word' id='word_1_145' title='bbox 1184 1841 1314 1903; x_wconf 85' lang='lat' dir='ltr'>homines</span> <span class='ocrx_word' id='word_1_146' title='bbox 1330 1843 1528 1915; x_wconf 76' lang='lat' dir='ltr'>dignatusest</span> 
     </span>
    </p>

    <p class='ocr_par' dir='ltr' id='par_1_5' title="bbox 345 1943 1526 2324">
     <span class='ocr_line' id='line_1_16' title="bbox 345 1943 1525 2019; baseline -0.001 -17"><span class='ocrx_word' id='word_1_147' title='bbox 345 1964 368 2002; x_wconf 85' lang='lat' dir='ltr'>n</span> <span class='ocrx_word' id='word_1_148' title='bbox 380 1943 472 2004; x_wconf 83' lang='lat' dir='ltr'>fecere</span> <span class='ocrx_word' id='word_1_149' title='bbox 487 1948 516 2004; x_wconf 88' lang='lat' dir='ltr'>et</span> <span class='ocrx_word' id='word_1_150' title='bbox 531 1944 617 2018; x_wconf 85' lang='lat' dir='ltr'>plenu</span> <span class='ocrx_word' id='word_1_151' title='bbox 632 1945 796 2005; x_wconf 79' lang='lat' dir='ltr'>horninibus</span> <span class='ocrx_word' id='word_1_152' title='bbox 811 1946 919 2004; x_wconf 80' lang='lat' dir='ltr'>eurxiliu</span> <span class='ocrx_word' id='word_1_153' title='bbox 934 1949 1094 2018; x_wconf 72' lang='lat' dir='ltr'>praestare.</span> <span class='ocrx_word' id='word_1_154' title='bbox 1119 1962 1170 2019; x_wconf 83' lang='lat' dir='ltr'>ego</span> <span class='ocrx_word' id='word_1_155' title='bbox 1193 1962 1285 2018; x_wconf 81' lang='lat' dir='ltr'>peuce</span> <span class='ocrx_word' id='word_1_156' title='bbox 1307 1944 1426 2014; x_wconf 75' lang='lat' dir='ltr'>diuisui,</span> <span class='ocrx_word' id='word_1_157' title='bbox 1453 1960 1525 2016; x_wconf 87' lang='lat' dir='ltr'>quo-</span> 
     </span>
     <span class='ocr_line' id='line_1_17' title="bbox 379 2047 1524 2122; baseline -0.002 -17"><span class='ocrx_word' id='word_1_158' title='bbox 379 2047 457 2106; x_wconf 82' lang='lat' dir='ltr'>niam</span> <span class='ocrx_word' id='word_1_159' title='bbox 479 2065 536 2107; x_wconf 91' lang='lat' dir='ltr'>uon</span> <span class='ocrx_word' id='word_1_160' title='bbox 559 2052 605 2108; x_wconf 89' lang='lat' dir='ltr'>est</span> <span class='ocrx_word' id='word_1_161' title='bbox 618 2049 797 2122; x_wconf 87' lang='lat' dir='ltr'>propositum</span> <span class='ocrx_word' id='word_1_162' title='bbox 814 2048 960 2107; x_wconf 83' lang='lat' dir='ltr'>uolumina</span> <span class='ocrx_word' id='word_1_163' title='bbox 980 2047 1117 2118; x_wconf 86' lang='lat' dir='ltr'>scribere,</span> <span class='ocrx_word' id='word_1_164' title='bbox 1137 2049 1187 2106; x_wconf 84' lang='lat' dir='ltr'>sed</span> <span class='ocrx_word' id='word_1_165' title='bbox 1203 2047 1412 2107; x_wconf 73' lang='lat' dir='ltr'>collocutionem</span> <span class='ocrx_word' id='word_1_166' title='bbox 1428 2048 1524 2104; x_wconf 83' lang='lat' dir='ltr'>truns-</span> 
     </span>
     <span class='ocr_line' id='line_1_18' title="bbox 380 2148 1526 2223; baseline -0.002 -15"><span class='ocrx_word' id='word_1_167' title='bbox 380 2150 502 2209; x_wconf 86' lang='lat' dir='ltr'>mittere.</span> <span class='ocrx_word' id='word_1_168' title='bbox 527 2166 579 2209; x_wconf 91' lang='lat' dir='ltr'>nos</span> <span class='ocrx_word' id='word_1_169' title='bbox 606 2150 763 2223; x_wconf 79' lang='lat' dir='ltr'>scripturus</span> <span class='ocrx_word' id='word_1_170' title='bbox 792 2150 929 2222; x_wconf 81' lang='lat' dir='ltr'>aspicito,</span> <span class='ocrx_word' id='word_1_171' title='bbox 958 2148 1191 2223; x_wconf 86' lang='lat' dir='ltr'>exemplenobis</span> <span class='ocrx_word' id='word_1_172' title='bbox 1213 2148 1341 2222; x_wconf 89' lang='lat' dir='ltr'>deipsis</span> <span class='ocrx_word' id='word_1_173' title='bbox 1365 2148 1526 2221; x_wconf 82' lang='lat' dir='ltr'>praeceptis</span> 
     </span>
     <span class='ocr_line' id='line_1_19' title="bbox 379 2250 1340 2324; baseline -0.002 -14"><span class='ocrx_word' id='word_1_174' title='bbox 379 2253 465 2311; x_wconf 91' lang='lat' dir='ltr'>huius</span> <span class='ocrx_word' id='word_1_175' title='bbox 481 2252 522 2312; x_wconf 87' lang='lat' dir='ltr'>rei</span> <span class='ocrx_word' id='word_1_176' title='bbox 538 2253 647 2310; x_wconf 82' lang='lat' dir='ltr'>maiore</span> <span class='ocrx_word' id='word_1_177' title='bbox 663 2250 833 2324; x_wconf 81' lang='lat' dir='ltr'>conquirite.</span> <span class='ocrx_word' id='word_1_178' title='bbox 858 2251 964 2309; x_wconf 71' lang='lat' dir='ltr'>luntres</span> <span class='ocrx_word' id='word_1_179' title='bbox 979 2250 1133 2319; x_wconf 74' lang='lat' dir='ltr'>carissimi,</span> <span class='ocrx_word' id='word_1_180' title='bbox 1149 2252 1220 2309; x_wconf 88' lang='lat' dir='ltr'>bono</span> <span class='ocrx_word' id='word_1_181' title='bbox 1236 2251 1340 2309; x_wconf 86' lang='lat' dir='ltr'>uslete.</span> 
     </span>
    </p>
   </div>
   <div class='ocr_carea' id='block_1_4' title="bbox 378 2527 1557 3709">
    <p class='ocr_par' dir='ltr' id='par_1_6' title="bbox 378 2527 1557 3709">
     <span class='ocr_line' id='line_1_20' title="bbox 451 2527 1495 2600; baseline -0.004 -12"><span class='ocrx_word' id='word_1_182' title='bbox 451 2534 590 2588; x_wconf 78' lang='lat' dir='ltr'>lsormo.</span> <span class='ocrx_word' id='word_1_183' title='bbox 606 2572 612 2585; x_wconf 93' lang='lat'>.</span> <span class='ocrx_word' id='word_1_184' title='bbox 629 2532 752 2586; x_wconf 79' lang='lat' dir='ltr'>,sobrius</span> <span class='ocrx_word' id='word_1_185' title='bbox 770 2547 821 2585; x_wconf 79' lang='lat' dir='ltr'>eru.</span> <span class='ocrx_word' id='word_1_186' title='bbox 842 2533 868 2584; x_wconf 99' lang='grc' dir='ltr'><em>Ζ</em></span> <span class='ocrx_word' id='word_1_187' title='bbox 911 2527 914 2533; x_wconf 83' lang='grc'><em>’</em></span> <span class='ocrx_word' id='word_1_188' title='bbox 970 2532 1051 2600; x_wconf 85' lang='lat' dir='ltr'>risus]</span> <span class='ocrx_word' id='word_1_189' title='bbox 1072 2533 1146 2585; x_wconf 87' lang='lat' dir='ltr'>niens</span> <span class='ocrx_word' id='word_1_190' title='bbox 1165 2532 1191 2584; x_wconf 88' lang='lat' dir='ltr'><strong><em>Z</em></strong></span> <span class='ocrx_word' id='word_1_191' title='bbox 1305 2532 1377 2585; x_wconf 84' lang='lat' dir='ltr'>enirn</span> <span class='ocrx_word' id='word_1_192' title='bbox 1397 2548 1450 2585; x_wconf 77' lang='lat' dir='ltr'>ece.</span> <span class='ocrx_word' id='word_1_193' title='bbox 1470 2534 1495 2584; x_wconf 87' lang='grc' dir='ltr'><em>Ζ</em></span> 
     </span>
     <span class='ocr_line' id='line_1_21' title="bbox 379 2616 1557 2694; baseline -0.003 -20"><span class='ocrx_word' id='word_1_194' title='bbox 379 2621 451 2689; x_wconf 68' lang='lat' dir='ltr'>let]</span> <span class='ocrx_word' id='word_1_195' title='bbox 470 2636 501 2673; x_wconf 88' lang='lat' dir='ltr'>ue</span> <span class='ocrx_word' id='word_1_196' title='bbox 519 2619 546 2672; x_wconf 87' lang='lat' dir='ltr'><em>Z</em></span> <span class='ocrx_word' id='word_1_197' title='bbox 634 2618 708 2687; x_wconf 82' lang='lat' dir='ltr'>num]</span> <span class='ocrx_word' id='word_1_198' title='bbox 727 2633 781 2671; x_wconf 89' lang='lat' dir='ltr'>nou</span> <span class='ocrx_word' id='word_1_199' title='bbox 799 2618 825 2670; x_wconf 94' lang='grc' dir='ltr'><em>Ζ</em></span> <span class='ocrx_word' id='word_1_200' title='bbox 914 2616 1029 2687; x_wconf 78' lang='lat' dir='ltr'>recedet]</span> <span class='ocrx_word' id='word_1_201' title='bbox 1048 2618 1159 2687; x_wconf 76' lang='lat' dir='ltr'>regebat</span> <span class='ocrx_word' id='word_1_202' title='bbox 1176 2617 1204 2670; x_wconf 89' lang='lat' dir='ltr'><em>Z</em></span> <span class='ocrx_word' id='word_1_203' title='bbox 1290 2616 1496 2686; x_wconf 74' lang='lat' dir='ltr'>aquilone</span> <span class='ocrx_word' id='word_1_204' title='bbox 1556 2690 1557 2694; x_wconf 5' lang='grc' dir='ltr'>ἵ</span> 
     </span>
     <span class='ocr_line' id='line_1_22' title="bbox 380 2702 1495 2771; baseline -0.004 -12"><span class='ocrx_word' id='word_1_205' title='bbox 380 2706 533 2760; x_wconf 86' lang='lat' dir='ltr'>uitemduru</span> <span class='ocrx_word' id='word_1_206' title='bbox 552 2705 578 2757; x_wconf 90' lang='lat' dir='ltr'><em>Z</em></span> <span class='ocrx_word' id='word_1_207' title='bbox 657 2702 761 2771; x_wconf 87' lang='lat' dir='ltr'>corpori</span> <span class='ocrx_word' id='word_1_208' title='bbox 780 2703 880 2756; x_wconf 85' lang='lat' dir='ltr'>uitium</span> <span class='ocrx_word' id='word_1_209' title='bbox 902 2703 983 2756; x_wconf 83' lang='lat' dir='ltr'>estZ</span> <span class='ocrx_word' id='word_1_210' title='bbox 1068 2703 1217 2757; x_wconf 87' lang='lat' dir='ltr'>concitetur</span> <span class='ocrx_word' id='word_1_211' title='bbox 1229 2719 1311 2771; x_wconf 77' lang='lat' dir='ltr'>quern</span> <span class='ocrx_word' id='word_1_212' title='bbox 1323 2702 1455 2757; x_wconf 85' lang='lat' dir='ltr'>honestus</span> <span class='ocrx_word' id='word_1_213' title='bbox 1468 2702 1495 2755; x_wconf 87' lang='lat' dir='ltr'><em>Z</em></span> 
     </span>
     <span class='ocr_line' id='line_1_23' title="bbox 378 2786 1495 2857; baseline -0.004 -12"><span class='ocrx_word' id='word_1_214' title='bbox 378 2791 526 2845; x_wconf 83' lang='lat' dir='ltr'>4uicieset</span> <span class='ocrx_word' id='word_1_215' title='bbox 544 2788 571 2841; x_wconf 95' lang='grc' dir='ltr'><em>Ζ</em></span> <span class='ocrx_word' id='word_1_216' title='bbox 660 2787 868 2842; x_wconf 73' lang='lat' dir='ltr'>buoluntssK</span> <span class='ocrx_word' id='word_1_217' title='bbox 960 2787 1052 2857; x_wconf 77' lang='lat' dir='ltr'>Gneo]</span> <span class='ocrx_word' id='word_1_218' title='bbox 1071 2787 1117 2840; x_wconf 88' lang='lat' dir='ltr'>sed</span> <span class='ocrx_word' id='word_1_219' title='bbox 1135 2803 1183 2842; x_wconf 87' lang='lat' dir='ltr'>nee</span> <span class='ocrx_word' id='word_1_220' title='bbox 1198 2787 1225 2840; x_wconf 95' lang='grc' dir='ltr'><em>Ζ</em></span> <span class='ocrx_word' id='word_1_221' title='bbox 1315 2786 1447 2841; x_wconf 79' lang='lat' dir='ltr'>delectori</span> <span class='ocrx_word' id='word_1_222' title='bbox 1462 2787 1495 2840; x_wconf 87' lang='lat' dir='ltr'><strong><em>K</em></strong></span> 
     </span>
     <span class='ocr_line' id='line_1_24' title="bbox 380 2872 1496 2945; baseline -0.003 -16"><span class='ocrx_word' id='word_1_223' title='bbox 380 2877 449 2945; x_wconf 83' lang='lat' dir='ltr'>quod</span> <span class='ocrx_word' id='word_1_224' title='bbox 468 2876 506 2945; x_wconf 87' lang='lat' dir='ltr'>et]</span> <span class='ocrx_word' id='word_1_225' title='bbox 526 2876 573 2944; x_wconf 89' lang='lat' dir='ltr'>qui</span> <span class='ocrx_word' id='word_1_226' title='bbox 592 2875 677 2928; x_wconf 82' lang='lat' dir='ltr'>ocium</span> <span class='ocrx_word' id='word_1_227' title='bbox 694 2874 721 2927; x_wconf 91' lang='grc' dir='ltr'><em>Ζ</em></span> <span class='ocrx_word' id='word_1_228' title='bbox 823 2872 956 2926; x_wconf 83' lang='lat' dir='ltr'>interficit</span> <span class='ocrx_word' id='word_1_229' title='bbox 974 2876 1002 2926; x_wconf 88' lang='lat' dir='ltr'>et</span> <span class='ocrx_word' id='word_1_230' title='bbox 1019 2872 1120 2941; x_wconf 84' lang='lat' dir='ltr'>pudore</span> <span class='ocrx_word' id='word_1_231' title='bbox 1138 2874 1166 2926; x_wconf 88' lang='lat' dir='ltr'><strong><em>Z</em></strong></span> <span class='ocrx_word' id='word_1_232' title='bbox 1261 2873 1324 2926; x_wconf 78' lang='lat' dir='ltr'>&#39;iot</span> <span class='ocrx_word' id='word_1_233' title='bbox 1342 2873 1449 2926; x_wconf 66' lang='lat' dir='ltr'>snmus</span> <span class='ocrx_word' id='word_1_234' title='bbox 1468 2873 1496 2926; x_wconf 91' lang='grc' dir='ltr'><em>Ζ</em></span> 
     </span>
     <span class='ocr_line' id='line_1_25' title="bbox 379 2956 1529 3025; baseline -0.005 -10"><span class='ocrx_word' id='word_1_235' title='bbox 379 2961 507 3015; x_wconf 80' lang='lat' dir='ltr'>stimulus</span> <span class='ocrx_word' id='word_1_236' title='bbox 527 2960 596 3013; x_wconf 71' lang='grc' dir='ltr'><em>ΚΖ</em></span> <span class='ocrx_word' id='word_1_237' title='bbox 682 2958 800 3012; x_wconf 77' lang='lat' dir='ltr'>refruust</span> <span class='ocrx_word' id='word_1_238' title='bbox 818 2958 858 3021; x_wconf 85' lang='lat' dir='ltr'>K,</span> <span class='ocrx_word' id='word_1_239' title='bbox 876 2960 905 3009; x_wconf 91' lang='lat' dir='ltr'>ot</span> <span class='ocrx_word' id='word_1_240' title='bbox 922 2957 1040 3011; x_wconf 83' lang='lat' dir='ltr'>refrenet</span> <span class='ocrx_word' id='word_1_241' title='bbox 1057 2958 1083 3010; x_wconf 90' lang='grc' dir='ltr'><em>Ζ</em></span> <span class='ocrx_word' id='word_1_242' title='bbox 1163 2957 1298 3025; x_wconf 76' lang='lat' dir='ltr'>Beccipit</span> <span class='ocrx_word' id='word_1_243' title='bbox 1316 2958 1343 3009; x_wconf 88' lang='grc' dir='ltr'><em>Ζ</em></span> <span class='ocrx_word' id='word_1_244' title='bbox 1435 2956 1469 3011; x_wconf 94' lang='grc'>10</span> <span class='ocrx_word' id='word_1_245' title='bbox 1487 2972 1529 3009; x_wconf 87' lang='lat' dir='ltr'>ex·</span> 
     </span>
     <span class='ocr_line' id='line_1_26' title="bbox 379 3040 1496 3101; baseline -0.003 -1"><span class='ocrx_word' id='word_1_246' title='bbox 379 3047 502 3101; x_wconf 88' lang='lat' dir='ltr'>tollentis</span> <span class='ocrx_word' id='word_1_247' title='bbox 521 3046 548 3099; x_wconf 84' lang='lat' dir='ltr'><strong><em>Z</em></strong></span> <span class='ocrx_word' id='word_1_248' title='bbox 633 3044 808 3098; x_wconf 73' lang='lat' dir='ltr'>caelestium.</span> <span class='ocrx_word' id='word_1_249' title='bbox 826 3082 832 3094; x_wconf 95' lang='lat'><strong><em>.</em></strong></span> <span class='ocrx_word' id='word_1_250' title='bbox 850 3044 935 3096; x_wconf 82' lang='lat'><em>.1.12</em></span> <span class='ocrx_word' id='word_1_251' title='bbox 952 3040 999 3096; x_wconf 88' lang='lat' dir='ltr'>sed</span> <span class='ocrx_word' id='word_1_252' title='bbox 1017 3042 1090 3095; x_wconf 90' lang='lat' dir='ltr'>inter</span> <span class='ocrx_word' id='word_1_253' title='bbox 1107 3059 1158 3097; x_wconf 86' lang='lat' dir='ltr'>om.</span> <span class='ocrx_word' id='word_1_254' title='bbox 1173 3043 1200 3095; x_wconf 88' lang='lat' dir='ltr'><strong><em>Z</em></strong></span> <span class='ocrx_word' id='word_1_255' title='bbox 1285 3045 1321 3100; x_wconf 91' lang='lat'>11</span> <span class='ocrx_word' id='word_1_256' title='bbox 1343 3059 1450 3097; x_wconf 85' lang='lat' dir='ltr'>currum</span> <span class='ocrx_word' id='word_1_257' title='bbox 1463 3044 1496 3097; x_wconf 87' lang='lat' dir='ltr'><strong><em>K</em></strong></span> 
     </span>
     <span class='ocr_line' id='line_1_27' title="bbox 381 3127 1496 3197; baseline -0.007 -9"><span class='ocrx_word' id='word_1_258' title='bbox 381 3133 417 3188; x_wconf 77' lang='lat'>12</span> <span class='ocrx_word' id='word_1_259' title='bbox 434 3135 463 3184; x_wconf 84' lang='lat' dir='ltr'>et</span> <span class='ocrx_word' id='word_1_260' title='bbox 480 3147 530 3184; x_wconf 90' lang='lat' dir='ltr'>om.</span> <span class='ocrx_word' id='word_1_261' title='bbox 551 3129 584 3184; x_wconf 88' lang='lat' dir='ltr'><em>K</em></span> <span class='ocrx_word' id='word_1_262' title='bbox 721 3128 758 3185; x_wconf 86' lang='lat'>13</span> <span class='ocrx_word' id='word_1_263' title='bbox 780 3127 875 3181; x_wconf 84' lang='lat' dir='ltr'>turbes</span> <span class='ocrx_word' id='word_1_264' title='bbox 893 3127 933 3195; x_wconf 87' lang='lat' dir='ltr'>et]</span> <span class='ocrx_word' id='word_1_265' title='bbox 952 3127 1008 3179; x_wconf 79' lang='lat' dir='ltr'>istu</span> <span class='ocrx_word' id='word_1_266' title='bbox 1027 3127 1054 3178; x_wconf 87' lang='grc' dir='ltr'><em>Ζ</em></span> <span class='ocrx_word' id='word_1_267' title='bbox 1189 3129 1281 3181; x_wconf 78' lang='lat' dir='ltr'>omniu</span> <span class='ocrx_word' id='word_1_268' title='bbox 1299 3127 1341 3197; x_wconf 88' lang='lat' dir='ltr'>de]</span> <span class='ocrx_word' id='word_1_269' title='bbox 1361 3128 1449 3181; x_wconf 75' lang='lat' dir='ltr'>oratio</span> <span class='ocrx_word' id='word_1_270' title='bbox 1468 3128 1496 3180; x_wconf 94' lang='grc' dir='ltr'><em>Ζ</em></span> 
     </span>
     <span class='ocr_line' id='line_1_28' title="bbox 379 3212 1528 3280; baseline -0.004 -10"><span class='ocrx_word' id='word_1_271' title='bbox 379 3216 511 3270; x_wconf 76' lang='lat' dir='ltr'>auxilinm</span> <span class='ocrx_word' id='word_1_272' title='bbox 530 3231 580 3269; x_wconf 74' lang='lat' dir='ltr'>orn</span> <span class='ocrx_word' id='word_1_273' title='bbox 600 3214 655 3267; x_wconf 84' lang='lat' dir='ltr'>KZ</span> <span class='ocrx_word' id='word_1_274' title='bbox 777 3213 995 3269; x_wconf 78' lang='lat' dir='ltr'>14e01usennn</span> <span class='ocrx_word' id='word_1_275' title='bbox 1015 3215 1110 3280; x_wconf 88' lang='lat' dir='ltr'>potens</span> <span class='ocrx_word' id='word_1_276' title='bbox 1128 3216 1169 3266; x_wconf 88' lang='lat' dir='ltr'>est</span> <span class='ocrx_word' id='word_1_277' title='bbox 1185 3228 1214 3278; x_wconf 83' lang='lat' dir='ltr'>o,</span> <span class='ocrx_word' id='word_1_278' title='bbox 1238 3213 1309 3266; x_wconf 85' lang='lat' dir='ltr'>enim</span> <span class='ocrx_word' id='word_1_279' title='bbox 1327 3212 1403 3265; x_wconf 88' lang='lat' dir='ltr'>solus</span> <span class='ocrx_word' id='word_1_280' title='bbox 1421 3215 1464 3265; x_wconf 85' lang='lat' dir='ltr'>est</span> <span class='ocrx_word' id='word_1_281' title='bbox 1482 3227 1528 3280; x_wconf 85' lang='lat' dir='ltr'>pe·</span> 
     </span>
     <span class='ocr_line' id='line_1_29' title="bbox 380 3283 1529 3366; baseline -0.004 -11"><span class='ocrx_word' id='word_1_282' title='bbox 380 3300 476 3356; x_wconf 86' lang='lat' dir='ltr'>teudus</span> <span class='ocrx_word' id='word_1_283' title='bbox 495 3301 521 3353; x_wconf 90' lang='grc' dir='ltr'><em>Ζ</em></span> <span class='ocrx_word' id='word_1_284' title='bbox 630 3299 765 3352; x_wconf 88' lang='lat' dir='ltr'>hominem</span> <span class='ocrx_word' id='word_1_285' title='bbox 784 3297 812 3351; x_wconf 89' lang='lat' dir='ltr'><strong><em>Z</em></strong></span> <span class='ocrx_word' id='word_1_286' title='bbox 901 3350 904 3354; x_wconf 76' lang='grc'><strong><em>,</em></strong></span> <span class='ocrx_word' id='word_1_287' title='bbox 928 3297 961 3350; x_wconf 84' lang='grc'><strong>15</strong></span> <span class='ocrx_word' id='word_1_288' title='bbox 980 3300 1008 3350; x_wconf 86' lang='lat' dir='ltr'>et</span> <span class='ocrx_word' id='word_1_289' title='bbox 1026 3295 1115 3366; x_wconf 81' lang='lat' dir='ltr'>plens]</span> <span class='ocrx_word' id='word_1_290' title='bbox 1134 3298 1158 3350; x_wconf 93' lang='lat' dir='ltr'>si</span> <span class='ocrx_word' id='word_1_291' title='bbox 1176 3298 1209 3351; x_wconf 80' lang='lat' dir='ltr'>&lt;le</span> <span class='ocrx_word' id='word_1_292' title='bbox 1227 3298 1255 3350; x_wconf 90' lang='lat' dir='ltr'><strong><em>Z</em></strong></span> <span class='ocrx_word' id='word_1_293' title='bbox 1357 3283 1409 3366; x_wconf 75' lang='lat' dir='ltr'>qno</span> <span class='ocrx_word' id='word_1_294' title='bbox 1429 3314 1463 3352; x_wconf 76' lang='lat' dir='ltr'>ex</span> <span class='ocrx_word' id='word_1_295' title='bbox 1482 3297 1529 3365; x_wconf 89' lang='lat' dir='ltr'>qni</span> 
     </span>
     <span class='ocr_line' id='line_1_30' title="bbox 381 3382 1530 3454; baseline -0.002 -14"><span class='ocrx_word' id='word_1_296' title='bbox 381 3387 419 3450; x_wconf 80' lang='lat' dir='ltr'>K,</span> <span class='ocrx_word' id='word_1_297' title='bbox 437 3386 502 3453; x_wconf 85' lang='lat' dir='ltr'>quie</span> <span class='ocrx_word' id='word_1_298' title='bbox 521 3386 547 3438; x_wconf 88' lang='lat' dir='ltr'><strong><em>Z</em></strong></span> <span class='ocrx_word' id='word_1_299' title='bbox 659 3383 693 3438; x_wconf 88' lang='grc'>16</span> <span class='ocrx_word' id='word_1_300' title='bbox 710 3382 849 3437; x_wconf 84' lang='lat' dir='ltr'>uolumine</span> <span class='ocrx_word' id='word_1_301' title='bbox 868 3383 903 3446; x_wconf 88' lang='lat' dir='ltr'>K,</span> <span class='ocrx_word' id='word_1_302' title='bbox 921 3382 1084 3437; x_wconf 87' lang='lat' dir='ltr'>uolumonc</span> <span class='ocrx_word' id='word_1_303' title='bbox 1199 3383 1232 3437; x_wconf 78' lang='lat'>17</span> <span class='ocrx_word' id='word_1_304' title='bbox 1249 3383 1384 3454; x_wconf 79' lang='lat' dir='ltr'>scripture</span> <span class='ocrx_word' id='word_1_305' title='bbox 1401 3383 1530 3452; x_wconf 83' lang='lat' dir='ltr'>inspicite</span> 
     </span>
     <span class='ocr_line' id='line_1_31' title="bbox 380 3455 1530 3538; baseline -0.003 -12"><span class='ocrx_word' id='word_1_306' title='bbox 380 3477 409 3526; x_wconf 85' lang='lat' dir='ltr'>et</span> <span class='ocrx_word' id='word_1_307' title='bbox 427 3472 454 3525; x_wconf 89' lang='grc' dir='ltr'><em>Ζ</em></span> <span class='ocrx_word' id='word_1_308' title='bbox 546 3471 580 3525; x_wconf 91' lang='grc'>18</span> <span class='ocrx_word' id='word_1_309' title='bbox 598 3470 678 3524; x_wconf 88' lang='lat' dir='ltr'>huius</span> <span class='ocrx_word' id='word_1_310' title='bbox 696 3469 735 3524; x_wconf 88' lang='lat' dir='ltr'>rei</span> <span class='ocrx_word' id='word_1_311' title='bbox 753 3468 904 3538; x_wconf 69' lang='lat' dir='ltr'>praeceptis</span> <span class='ocrx_word' id='word_1_312' title='bbox 919 3468 946 3523; x_wconf 90' lang='grc' dir='ltr'><em>Ζ</em></span> <span class='ocrx_word' id='word_1_313' title='bbox 1043 3485 1074 3520; x_wconf 81' lang='lat' dir='ltr'>sc</span> <span class='ocrx_word' id='word_1_314' title='bbox 1090 3468 1157 3522; x_wconf 87' lang='lat' dir='ltr'>bone</span> <span class='ocrx_word' id='word_1_315' title='bbox 1175 3470 1263 3522; x_wconf 81' lang='lat' dir='ltr'>uslete</span> <span class='ocrx_word' id='word_1_316' title='bbox 1281 3455 1321 3522; x_wconf 78' lang='lat' dir='ltr'>ffe</span> <span class='ocrx_word' id='word_1_317' title='bbox 1345 3456 1399 3522; x_wconf 76' lang='lat' dir='ltr'>efiri</span> <span class='ocrx_word' id='word_1_318' title='bbox 1426 3485 1530 3537; x_wconf 84' lang='lat' dir='ltr'>semper</span> 
     </span>
     <span class='ocr_line' id='line_1_32' title="bbox 383 3543 1526 3624; baseline -0.003 -14"><span class='ocrx_word' id='word_1_319' title='bbox 383 3557 409 3611; x_wconf 87' lang='lat' dir='ltr'>in</span> <span class='ocrx_word' id='word_1_320' title='bbox 427 3543 480 3610; x_wconf 67' lang='lat' dir='ltr'>(ln&#39;o</span> <span class='ocrx_word' id='word_1_321' title='bbox 499 3556 529 3610; x_wconf 88' lang='lat' dir='ltr'>Z.</span> <span class='ocrx_word' id='word_1_322' title='bbox 551 3585 583 3596; x_wconf 91' lang='lat'>-—</span> <span class='ocrx_word' id='word_1_323' title='bbox 602 3554 721 3624; x_wconf 79' lang='lat' dir='ltr'>Explicit</span> <span class='ocrx_word' id='word_1_324' title='bbox 738 3553 770 3608; x_wconf 87' lang='lat' dir='ltr'>de</span> <span class='ocrx_word' id='word_1_325' title='bbox 789 3552 859 3607; x_wconf 90' lang='lat' dir='ltr'>bono</span> <span class='ocrx_word' id='word_1_326' title='bbox 879 3552 1027 3621; x_wconf 79' lang='lat' dir='ltr'>pudicitiae</span> <span class='ocrx_word' id='word_1_327' title='bbox 1047 3552 1090 3615; x_wconf 83' lang='lat' dir='ltr'>K,</span> <span class='ocrx_word' id='word_1_328' title='bbox 1108 3552 1220 3607; x_wconf 77' lang='lat' dir='ltr'>Caecilii</span> <span class='ocrx_word' id='word_1_329' title='bbox 1245 3552 1367 3621; x_wconf 75' lang='lat' dir='ltr'>cipriani</span> <span class='ocrx_word' id='word_1_330' title='bbox 1391 3552 1424 3607; x_wconf 88' lang='lat' dir='ltr'>de</span> <span class='ocrx_word' id='word_1_331' title='bbox 1448 3553 1526 3622; x_wconf 82' lang='lat' dir='ltr'>pudi-</span> 
     </span>
     <span class='ocr_line' id='line_1_33' title="bbox 382 3640 680 3709; baseline -0.01 -14"><span class='ocrx_word' id='word_1_332' title='bbox 382 3641 450 3695; x_wconf 75' lang='lat' dir='ltr'>cicie</span> <span class='ocrx_word' id='word_1_333' title='bbox 467 3640 579 3709; x_wconf 83' lang='lat' dir='ltr'>explicit</span> <span class='ocrx_word' id='word_1_334' title='bbox 596 3643 627 3693; x_wconf 90' lang='grc' dir='ltr'><em>Ζ.</em></span> <span class='ocrx_word' id='word_1_335' title='bbox 650 3671 680 3681; x_wconf 93' lang='grc'>-</span> 
     </span>
    </p>
   </div>
   <div class='ocr_carea' id='block_1_5' title="bbox 853 3816 1061 3828">
    <p class='ocr_par' dir='ltr' id='par_1_7' title="bbox 853 3816 1061 3828">
     <span class='ocr_line' id='line_1_34' title="bbox 853 3816 1061 3828; baseline -0.005 -2"><span class='ocrx_word' id='word_1_336' title='bbox 853 3816 1061 3828; x_wconf 68' lang='lat' dir='ltr'>›nn——</span> 
     </span>
    </p>
   </div>
   <div class='ocr_carea' id='block_1_6' title="bbox 0 0 1866 4920">
    <p class='ocr_par' dir='ltr' id='par_1_8' title="bbox 0 0 1866 4920">
     <span class='ocr_line' id='line_1_35' title="bbox 0 0 1866 4920; baseline 0 0"><span class='ocrx_word' id='word_1_337' title='bbox 0 0 1866 4920; x_wconf 95' lang='lat' dir='ltr'> </span> 
     </span>
    </p>
   </div>
  </div>
 </body>
</html>
