3720 4920
374 320 439 386 250
848 316 1032 386 appendix.

375 479 515 535 coctam
537 493 647 548 aqua,
676 474 750 534 nisi
771 475 949 544 assatam,
977 474 1091 546 caput
1119 488 1195 532 cum
1216 473 1374 545 pedibus
1396 475 1432 530 et
1455 472 1506 528 ln-

376 578 561 649 teraneis‚
596 575 694 636 nihil
728 575 1004 649 derelInquetIs
1038 592 1079 634 ex
1113 574 1225 634 eisin
1258 590 1369 645 mane,
1402 576 1437 631 et
1467 590 1506 631 os

377 698 444 739 non
466 680 719 754 contringetis
742 679 783 737 ab
806 696 860 739 eo:
891 696 981 752 quae
1010 683 1126 737 autem
1151 677 1339 737 derelicta
1360 675 1507 735 luerint

377 784 416 842 ce
439 799 478 842 eo
501 800 615 856 nsque
639 781 813 853 inmane,
846 780 923 854 igni
946 781 1208 840 cremabuntur
1231 781 1279 856 [ex
1307 778 1507 838 intestinis

376 887 456 943 eius
479 885 665 944 uorabitis
687 886 771 957 post
793 901 892 941 suam
914 883 1153 959 occisionem].
1182 884 1234 942 sic
1255 885 1371 941 antem
1394 898 1527 940 come-e

379 986 474 1046 detis
497 1004 590 1046 eum:
615 985 727 1045 lumbi
748 984 868 1044 uestri
891 985 1101 1058 praecincti
1123 988 1158 1045 et
1185 983 1330 1057 caligae
1353 987 1504 1042 uestrae

376 1089 412 1147 ln
445 1090 603 1160 pedibus
636 1089 774 1147 uostris
806 1092 841 1146 et
873 1088 1006 1147 bacula
1038 1091 1165 1146 uestra
1192 1087 1228 1145 in
1261 1085 1427 1145 manibus
1450 1100 1506 1142 ne·

376 1191 484 1261 stris,
523 1193 558 1250 et
591 1190 714 1250 edetis
748 1205 824 1248 oum
858 1189 1105 1248 festinanter:
1140 1189 1288 1250 Pascha
1321 1190 1380 1247 est
1412 1186 1506 1245 enim

375 1292 528 1351 Domini.

347 1391 366 1447 2
420 1393 571 1466 Praecepit
596 1393 687 1467 igitur
702 1393 779 1452 Deus
806 1409 857 1466 per
872 1393 989 1468 Moysen
1017 1394 1168 1453 uniuersae
1194 1409 1354 1468 synagogae
1380 1392 1543 1452 liliorumro

379 1496 468 1555 Israel
495 1496 525 1553 ln
551 1513 646 1555 mense
662 1512 745 1566 nouo,
773 1497 821 1567 qui
838 1499 883 1553 eet
898 1495 1013 1554 initIum
1029 1496 1169 1554 mensium
1192 1496 1300 1568 primus
1315 1495 1344 1553 in
1361 1495 1506 1553 mensibus

377 1598 454 1668 enni,
483 1597 513 1654 ln
527 1613 582 1669 quo
597 1596 699 1654 habitu
714 1598 830 1654 ederent
845 1597 958 1655 Pascha
981 1599 1084 1669 quarta
1099 1597 1209 1656 decime
1223 1598 1300 1668 luna,
1327 1596 1431 1654 adhoc
1447 1596 1505 1652 uti·

376 1715 431 1771 que
446 1700 523 1756 utet
538 1714 618 1756 suam
634 1696 814 1756 diuinitatem
830 1698 1012 1756 credentibus
1033 1697 1117 1755 nobis
1134 1699 1163 1755 in
1179 1697 1293 1756 Christo
1308 1696 1505 1756 manifestaret

375 1803 404 1858 et
430 1798 545 1858 illorum
571 1798 753 1857 latrocinium
780 1800 836 1857 iarn
857 1802 926 1857 tunc
950 1800 985 1857 ab
1002 1799 1085 1858 initio
1101 1799 1209 1859 saeculi
1225 1800 1452 1869 demonstraret,
1476 1803 1507 1856 et

375 1901 424 1973 qui
450 1901 481 1958 in
502 1903 634 1975 Aegypto
661 1902 697 1958 ad
724 1917 871 1974 uesperam
887 1901 917 1960 io
943 1904 988 1958 est
1003 1902 1034 1959 in
1061 1901 1219 1959 nouissIma
1243 1900 1348 1959 saeculi
1375 1903 1504 1973 tempora
1517 1915 1542 1953 1⁵

374 2003 531 2077 praecincti
552 2007 582 2062 et
608 2003 727 2062 calceati
749 2000 889 2062 aduersus
911 2020 1017 2075 agnum
1033 2003 1085 2060 Dei
1101 2002 1315 2062 immaculatum
1341 2003 1433 2075 prIma
1459 2002 1504 2060 die

375 2123 535 2180 azymorum
552 2105 589 2162 ad
603 2122 750 2177 uesperam
767 2123 829 2164 cum
846 2105 953 2177 gladiis
968 2108 997 2162 et
1018 2104 1146 2162 fustibus
1160 2105 1305 2175 exierunt,
1328 2107 1358 2163 et
1371 2105 1506 2162 uniuersa

375 2224 448 2278 qnae
474 2207 511 2265 ab
538 2207 669 2266 omnibus
697 2207 844 2281 prophetis
869 2206 1018 2281 praedicta
1038 2206 1153 2266 fuerant
1168 2207 1197 2265 in
1212 2224 1276 2266 eum
1292 2205 1503 2266 commiserunt.

376 2311 405 2366 et
420 2309 483 2367 ideo
499 2309 548 2381 qui
563 2308 621 2367 lam
647 2326 703 2367 non
731 2311 885 2368 secundum
914 2309 1067 2382 imaginem
1095 2308 1170 2368 sicut
1191 2308 1247 2380 illi,
1274 2311 1325 2367 sed
1347 2308 1501 2367 secundum

374 2410 526 2468 uerimtem
563 2410 593 2467 in
623 2411 917 2470 commemorationem
947 2410 1090 2483 passionis
1120 2409 1174 2467 filii
1199 2410 1251 2468 Dei
1277 2409 1389 2468 Pascha
1425 2409 1538 2468 cele-²⁰

374 2513 505 2583 brumas,
533 2512 607 2571 nihil
632 2512 711 2571 aliud
732 2513 862 2585 inprimis
888 2513 945 2571 nisi
972 2529 1098 2571 mensem
1125 2529 1229 2570 nouum
1252 2511 1315 2584 quis
1330 2511 1370 2569 sit
1384 2514 1413 2569 et
1428 2511 1502 2568 unde

373 2613 493 2687 incipiat
508 2618 538 2673 et
558 2614 607 2672 ubi
633 2613 714 2673 finiat
740 2615 812 2673 totis
838 2614 948 2673 uiribus
971 2614 1036 2674 fidei
1059 2618 1174 2673 nostrae
1190 2613 1343 2686 diligenter
1358 2612 1502 2685 requirere

374 2717 516 2775 debemus.
532 2719 563 2776 et
574 2720 643 2775 tunc
654 2716 840 2788 inueniemua,
855 2735 908 2776 nec
920 2720 987 2775 ante
999 2736 1052 2776 nec
1063 2721 1128 2790 post
1144 2717 1231 2774 XIIII
1243 2716 1340 2774 lunam
1355 2715 1500 2773 inuentam

372 2833 456 2890 posse
472 2819 508 2876 ab
524 2818 595 2892 ipsis
612 2818 726 2877 Iudaeis
741 2819 853 2878 Pascha
868 2819 1024 2877 obseruari.

349 2925 367 2982 3
421 2919 501 2988 Quod
527 2920 621 2992 ipsum
649 2921 762 2992 quidem
785 2921 931 2978 euidenter
951 2920 1069 2994 incipiet
1089 2922 1171 2980 nobis
1195 2920 1343 2980 ostendere
1359 2922 1457 2977 sancta
1473 2923 1539 2975 aaa

374 3020 473 3078 diuina
503 3020 644 3080 Geneseos
675 3024 816 3095 scriptura
856 3022 970 3081 dicens:
1006 3025 1044 3080 in
1077 3023 1263 3096 prIncipio
1292 3021 1384 3080 lecit
1406 3020 1501 3079 Deus
1610 3098 1614 3104 .

375 3124 516 3181 caelum
545 3127 580 3181 et
609 3127 754 3184 terram.
784 3128 884 3185 terra
906 3127 1025 3184 antem
1048 3129 1128 3183 erat
1150 3124 1366 3183 inuisibilis
1394 3126 1428 3180 et
1450 3123 1501 3179 in·

376 3225 592 3297 composita,
616 3229 653 3284 et
674 3227 850 3286 tenebrae
872 3231 977 3285 erant
1000 3244 1110 3300 super
1132 3228 1313 3300 abyssum,
1336 3230 1372 3284 et
1393 3224 1502 3299 spiri-

460 3407 476 3461 6
495 3407 560 3462 Gen.
580 3409 604 3471 1,
622 3408 698 3462 2-5.

441 3593 573 3646 3rolicta
590 3609 623 3647 co
743 3593 804 3646 lin
823 3609 907 3647 onec
1034 3596 1129 3662 igneo
1250 3595 1501 3647 er...occisionem

373 3679 458 3733 om.b
564 3679 625 3731 'let
643 3677 740 3731 bacula
757 3695 784 3730 u.
802 3679 820 3730 i.
839 3694 873 3731 m.
893 3678 993 3731 uestris
1011 3695 1095 3733 coac
1198 3681 1291 3733 Seum
1309 3680 1332 3742 b,
1351 3678 1419 3731 illud
1438 3696 1469 3733 co

373 3763 407 3816 12
424 3762 545 3818 adbucc
649 3763 682 3815 13
701 3766 732 3816 ut
750 3778 834 3818 ωηο
939 3763 972 3817 14
990 3764 1099 3818 illorum
1118 3764 1141 3830 b,
1161 3780 1251 3818 eorum
1270 3780 1301 3818 cv
1411 3769 1438 3818 et
1456 3765 1502 3830 qui

372 3849 637 3918 assumpseram
656 3864 740 3903 om.c
852 3849 886 3902 lb
903 3852 1025 3916 ternpore
1043 3864 1129 3906 onae
1246 3851 1278 3904 16
1296 3850 1469 3904 adncrsnmc

372 3934 416 3987 dei
434 3949 535 4000 agnum
554 3949 585 3987 co
735 3933 768 3986 l'l
786 3935 909 3986 uniuersa
928 3950 979 3987 om.
998 3949 1012 3986 c
1169 3935 1202 3989 18
1220 3936 1358 4003 prophetis
1377 3934 1419 3988 dei
1437 3951 1468 3988 cv

373 4016 561 4086 praedIcatab
666 4016 775 4086 requi]
793 4019 888 4086 quiae
992 4018 1049 4072 illis
1067 4023 1095 4072 et
1113 4021 1138 4083 b,
1156 4020 1263 4087 priuac
1365 4019 1400 4073 20
1417 4019 1503 4088 passi-

374 4103 432 4156 onis
450 4118 534 4158 onac
613 4102 647 4156 21
666 4106 726 4171 quie
749 4105 789 4167 W,
807 4119 874 4172 quae
892 4119 915 4167 c,
933 4104 1014 4172 quib
1092 4105 1127 4158 23
1145 4107 1243 4173 quarta
1261 4105 1363 4159 declina
1380 4104 1443 4158 luna
1462 4103 1503 4156 in·

372 4189 488 4243 uentab
591 4189 626 4242 24
644 4188 814 4244 obseruarec
918 4191 952 4245 25
970 4190 1084 4259 incipiat
1102 4208 1133 4246 co
