3720 4920
515 385 556 439 le
576 384 715 455 Vigilium
734 385 885 454 episcopum
904 385 937 438 de
954 384 1065 439 Iudaica
1083 385 1270 441 incredulitate
1287 403 1309 442 c
1327 389 1353 444 8.
1443 393 1505 458 129

363 545 393 603 et
419 544 625 617 plenitudinem
648 543 757 602 Christi
782 543 883 602 Graeci
898 544 1039 603 sermonis
1054 561 1139 618 opere
1154 544 1270 620 signata
1284 550 1346 606 est:
1369 550 1406 607 ad
1422 548 1505 608 euius

366 645 587 705 translationem
601 646 631 704 iu
643 646 823 705 intellectum
834 645 969 704 Latinum
980 646 1125 706 animante
1136 647 1250 706 Domini
1265 664 1318 721 ope
1333 651 1363 709 et
1378 649 1505 709 uiuentis

364 747 431 806 fidei
457 747 592 806 firmitate
619 753 735 807 seruata
760 748 915 807 uerborum
941 748 1118 820 proprietate
1144 749 1306 822 intrepidus
1320 751 1444 810 accessi:
1475 754 1505 809 et

364 849 411 908 his
436 850 485 923 qui
507 850 544 907 ab
565 850 715 907 intellectu
740 849 865 908 Graecae
887 848 1044 908 docilitatis
1064 849 1153 909 alieni
1167 854 1236 909 sunt
1250 851 1442 926 interpretata
1456 853 1502 910 in-

342 971 354 1011 s
369 955 452 1026 tegre
477 951 686 1026 significatione
711 953 863 1011 uerborum
880 955 910 1011 et
925 953 1090 1012 intellectus
1105 955 1196 1013 omnis
1211 971 1245 1014 sc
1260 956 1394 1016 ueritatis
1409 956 1505 1016 mani-

365 1053 518 1113 festatione
533 1053 680 1128 patefacta
694 1054 817 1113 Romani
832 1057 972 1113 sermonis
988 1055 1098 1115 ratione
1115 1056 1246 1115 discussa
1267 1056 1397 1117 disserui.
1423 1058 1504 1117 cuius

362 1157 470 1215 laboris
485 1157 681 1230 probationem
697 1157 761 1226 tibi,
779 1156 938 1226 carissime,
954 1159 1004 1230 qui
1018 1158 1167 1231 utriusque
1183 1159 1299 1232 linguae
1314 1159 1504 1220 instructione

363 1258 500 1318 fundatus
531 1275 571 1330 es,
603 1259 735 1333 impensa
764 1259 903 1333 petitione
933 1259 1098 1321 committo:
1130 1261 1236 1336 utqui
1263 1264 1356 1321 sancti
1382 1262 1505 1337 spiritus

362 1361 546 1420 ueneratione
562 1363 741 1419 uerecundus
757 1378 789 1419 oa
805 1362 920 1420 conlata
942 1363 1091 1435 utriusque
1107 1362 1201 1436 operis
1216 1363 1338 1422 lectione
1353 1365 1504 1423 audaciam

304 1524 306 1528 ,
328 1464 543 1523 rouerecundae
565 1463 741 1520 temeritatis
763 1462 895 1535 explores
918 1464 947 1519 et
969 1463 1098 1522 examino
1113 1463 1212 1523 iudicii
1227 1465 1270 1523 tui
1287 1482 1360 1538 quae
1375 1465 1505 1525 miuusa

361 1564 446 1623 nobie
461 1566 508 1623 uel
524 1565 679 1638 improprie
695 1565 769 1623 forte
792 1565 907 1637 digesta
921 1568 990 1622 srrnt
1004 1566 1176 1624 auctoritate
1192 1566 1312 1638 spiritus
1328 1567 1433 1638 sancti,
1453 1566 1504 1639 qui

362 1658 401 1723 in'
416 1670 517 1738 pectus
543 1667 625 1724 tuum
652 1665 839 1726 inundatione
868 1665 979 1738 gratiae
1003 1666 1136 1725 caelestis
1152 1667 1275 1737 influxit,
1292 1668 1458 1740 comprobes
1475 1671 1505 1726 et

363 1768 513 1826 emendos:
538 1769 635 1840 sitque
650 1769 687 1827 ad
703 1771 733 1826 te
749 1768 784 1826 de
801 1767 860 1826 iata
874 1768 999 1827 lectione
1014 1768 1051 1826 ab
1067 1768 1231 1828 humilitate
1252 1772 1353 1829 nostra
1367 1771 1505 1836 mundata

363 1868 472 1942 legatio
494 1875 523 1929 et
546 1869 720 1929 insinuanda
740 1870 795 1929 tibi
818 1871 848 1927 in
873 1887 927 1928 nos
941 1871 1035 1943 prima
1048 1871 1211 1931 dilectionis
1227 1871 1340 1944 petitio,
1355 1875 1390 1930 nt
1404 1872 1504 1947 parui-

326 1972 454 2054 sstatem
480 1973 547 2029 fidei
574 1989 653 2030 meae
680 1988 744 2030 cum
772 1971 978 2044 discipulorum
1002 1975 1116 2032 tuorum
1131 1974 1319 2032 instructione
1334 1977 1421 2046 atque
1437 1990 1504 2032 eru-

364 2076 473 2135 ditione
502 2075 659 2147 coniungas
675 2076 704 2132 ct
727 2091 782 2144 me,
799 2091 881 2147 quoru
899 2074 928 2131 in
944 2074 1002 2132 alia
1018 2078 1099 2145 parte
1114 2074 1201 2132 huius
1214 2075 1379 2147 prouinciae
1395 2076 1503 2134 consti·

365 2180 460 2236 tntum
487 2179 604 2250 propter
630 2176 768 2235 uisendos
791 2176 890 2234 uultus
905 2179 971 2235 tuos
986 2192 1043 2234 non
1059 2175 1172 2235 itineris
1186 2177 1385 2250 longinquitas
1400 2177 1506 2236 terruit

366 2297 419 2339 nec
434 2280 547 2338 senium
562 2295 596 2337 ac
611 2277 770 2336 difficultas
794 2277 910 2350 fatigati
925 2295 959 2336 ac
973 2278 1045 2337 fessi
1060 2278 1119 2336 iam
1133 2280 1259 2351 corporis
1274 2278 1432 2352 redarguit,
1453 2279 1505 2337 sed

365 2380 509 2439 animante
522 2378 673 2437 stimulatu
686 2378 803 2438 Domini
818 2382 848 2436 ot
863 2381 984 2451 urgento
996 2379 1133 2438 festinate
1149 2379 1307 2452 cupiditate
1322 2380 1504 2454 properandi,

327 2484 530 2556 aeeontompta
556 2498 668 2556 quoque
694 2483 771 2541 omni
790 2480 979 2541 tribulatione
994 2472 1108 2555 inopia'e
1128 2484 1214 2555 atque
1230 2482 1365 2554 peniuiae
1381 2485 1505 2555 quanta-

367 2600 487 2656 cumque
498 2582 603 2641 uirium
616 2583 756 2642 facultate
766 2583 912 2656 oeniandi,
926 2583 1132 2644 sanctimoniae
1148 2585 1214 2643 tuae
1226 2583 1347 2643 celebria
1358 2584 1415 2643 buc
1430 2582 1508 2642 fama

365 2685 510 2758 perduxit,
533 2684 569 2742 ad
584 2685 758 2756 premixtum
775 2684 898 2744 dilectos
920 2685 963 2743 tui
978 2685 1100 2744 caritate
1116 2703 1180 2745 enm
1194 2685 1383 2745 unanimitate
1399 2684 1507 2745 frater-

364 2785 467 2844 nitatis
484 2786 622 2844 admittas
638 2787 668 2845 et
682 2787 773 2844 amori
788 2787 838 2844 tuo
855 2803 938 2857 quem
951 2786 1102 2861 discipulis
1113 2787 1174 2846 suia
1184 2787 1323 2846 Dominus
1335 2786 1507 2845 hereditatis

433 3067 566 3136 lgraeci]
585 3067 718 3136 gregisZ
787 3065 860 3134 Diu]
880 3065 1055 3127 adc‚om.Z
1122 3065 1286 3121 animantem
1301 3067 1358 3129 Τι’,
1376 3083 1427 3122 orn.
1447 3071 1473 3122 Ζ

366 3139 419 3204 (11ιό
436 3172 464 3220 μ,
484 3152 528 3204 dci
547 3153 589 3206 Ze
660 3151 720 3220 ope]
739 3166 819 3219 opere
836 3171 857 3218 μ
928 3150 1023 3203 uiuent
1041 3151 1072 3214 T,
1096 3151 1218 3204 iuuantis
1235 3152 1334 3205 rtacd
1345 3158 1356 3205 t
1368 3153 1400 3205 er
1412 3169 1469 3206 rae.

363 3236 439 3291 {teia
456 3236 520 3289 fidei
538 3236 587 3290 Ν
664 3235 792 3288 firmitati
811 3236 836 3288 Z
909 3234 1032 3302 trepidus
1049 3235 1204 3289 accessitis
1222 3236 1269 3304 qui
1287 3237 1314 3289 Ζ
1381 3238 1446 3290 det
1463 3238 1505 3292 iu·

363 3324 441 3390 tegra
459 3322 486 3374 Z
600 3320 756 3378 dromanis
774 3321 800 3374 Z
901 3319 1032 3373 disseruit
1049 3320 1077 3374 Z
1186 3320 1426 3376 Duerecumdatus
1444 3323 1471 3375 Z

364 3407 515 3477 utriusque]
540 3407 683 3474 uirtusque
700 3409 725 3458 Z
877 3405 911 3459 10
927 3406 1077 3459 uerecunda
1094 3409 1122 3459 et
1140 3407 1173 3469 Z,
1190 3405 1386 3460 inuerecundae
1402 3405 1469 3473 sort.

364 3493 487 3562 exploras
511 3494 540 3546 et
564 3493 600 3556 T,
624 3491 769 3546 ardoreute
792 3491 817 3544 Z
1058 3491 1213 3545 exsemine
1236 3491 1294 3559 Τμ,
1319 3492 1421 3546 semino
1445 3493 1473 3545 Ζ

371 3579 402 3632 11
424 3579 477 3647 uel]
496 3578 531 3633 ad
549 3579 576 3632 Z
737 3577 846 3648 digesta
864 3579 939 3645 aunt]
957 3579 985 3633 Z
999 3578 1044 3631 bic
1061 3579 1159 3632 iuuerit
1174 3583 1285 3646 partem
1302 3578 1368 3632 labri
1385 3577 1419 3632 do
1436 3578 1507 3632 bone

365 3663 520 3734 pudicitiae,
534 3681 565 3732 p.
585 3668 628 3730 13,
642 3668 678 3719 10
692 3664 745 3717 mei
763 3664 863 3734 operis.
876 3707 880 3714 .
893 3667 949 3727 .15,
966 3669 1000 3719 11
1011 3663 1146 3733 pudicitia
1216 3663 1249 3717 12
1267 3663 1445 3719 iurrndatione
1458 3704 1464 3716 .
1478 3703 1505 3717 ..

363 3751 383 3803 l.
405 3753 441 3803 21
460 3750 591 3803 facultate
608 3766 659 3803 om.
679 3751 707 3802 Z
833 3750 866 3803 17
885 3749 1024 3803 niseeudoe
1041 3770 1061 3811 μ
1190 3749 1224 3802 18
1241 3765 1307 3802 uec.
1322 3788 1329 3801 .
1342 3790 1349 3802 .
1364 3748 1505 3817 redarguit

368 3850 418 3888 earu
437 3856 457 3902 μ
579 3833 730 3902 redarguit]
748 3833 900 3888 retardarit
917 3850 947 3896 u;
965 3832 1104 3903 redarguit
1121 3834 1140 3886 i
1160 3848 1182 3886 e.
1201 3833 1360 3900 impediuit;
1378 3833 1414 3898 cs.
1437 3836 1505 3887 Coe·

366 3921 421 3975 liae
439 3919 536 3973 Aurei.
556 3921 590 3974 de
605 3935 641 3972 m.
660 3920 753 3973 acutis
771 3919 799 3983 1,
816 3924 859 3983 15,
879 3923 931 3973 121
951 3920 1049 3984 (Amet.
1067 3921 1149 3985 1709)
1242 3974 1253 3986 ,,
1298 3919 1331 3973 19
1350 3920 1504 3988 stimulatu]

364 4005 502 4060 famulatu
520 4005 584 4059 Bel.
603 4021 638 4058 ex
656 4020 673 4056 r
799 4002 931 4057 festinata
949 4004 1013 4073 ch
1142 4003 1178 4057 90
1195 3995 1380 4072 contemptata
1397 4024 1426 4069 μ,
1444 4019 1506 4058 con-

362 4094 440 4145 tenta
459 4092 494 4146 Τί
632 4090 801 4148 meslebren
823 4092 859 4145 Te
991 4090 1043 4145 hac
1062 4091 1088 4144 Z
1219 4089 1255 4143 22
1272 4089 1435 4160 produxitp

369 4178 532 4243 premixtum
553 4178 596 4239 Tr,
615 4178 764 4245 proximam
783 4175 847 4243 ch
925 4176 1038 4229 dilectos
1055 4177 1097 4228 tui
1115 4176 1149 4240 Z,
1166 4175 1321 4229 dilectionis
1339 4177 1437 4230 tuaac

363 4262 506 4315 caritatem
525 4263 603 4330 Zpu5
622 4261 657 4326 cs.
673 4279 703 4330 p,
723 4265 783 4325 132,
801 4264 819 4316 6

459 4368 539 4415 sur
1275 4353 1295 4414 9
