3720 4920
393 324 458 390 262
866 319 1049 389 Appendix.

394 499 498 540 nouum
509 484 713 541 testamentum
725 480 898 539 confirmare.
914 479 956 537 sic
967 479 1072 538 etenim
1085 478 1246 538 audiuimus
1258 479 1391 551 angelum
1403 477 1525 538 Daniele

394 583 517 642 dixisse:
540 583 783 641 confirmabit
804 584 1064 640 testamentum
1079 579 1208 639 multis
1231 581 1424 639 hebdomas
1445 597 1524 638 una.

395 685 431 741 ot
453 684 489 741 in
511 683 681 753 dimidio,
697 684 800 756 inquit,
823 681 1524 742 hebdomadisauieroturmeumsacri·

395 785 410 842 1
414 785 523 843 icium
546 789 582 844 et
603 785 749 844 libatio.
773 785 919 843 dimidium
945 788 1040 844 antem
1066 785 1250 844 hebdomadis
1271 787 1385 858 tempus
1407 786 1437 841 et
1450 785 1524 842 tem·

395 903 464 961 pora
480 890 509 946 et
524 887 672 945 dimidium
700 887 834 960 temporis
859 887 1000 945 ostendit:
1027 888 1101 960 quod
1128 889 1172 944 est
1199 887 1353 944 trienninm
1370 887 1399 943 et
1414 901 1547 944 mensoss

395 1005 454 1060 sex,
470 989 519 1061 qui
535 993 604 1046 sunt
619 989 681 1048 dies
697 990 851 1048 secundnm
866 989 1058 1063 Apocalypsin
1073 989 1152 1047 mille
1167 989 1268 1047 CCLX.
1292 989 1322 1047 in
1345 989 1447 1061 quibus
1462 987 1523 1046 die·

394 1091 449 1148 bus
470 1090 520 1150 ille
537 1091 724 1150 antichristus
739 1107 870 1164 magnam
893 1090 978 1149 laciet
992 1091 1198 1149 uastationem:
1225 1094 1255 1149 et
1278 1090 1340 1148 ideo
1354 1093 1422 1148 tunc
1444 1105 1526 1148 nemo

397 1193 623 1252 christianorum
638 1193 744 1266 poterit
759 1193 818 1251 Deo
833 1193 1001 1252 sacrificium
1017 1193 1126 1264 offerre,
1150 1192 1284 1266 quoniam
1299 1191 1360 1265 ipse
1385 1191 1526 1250 antichri-

396 1299 460 1353 stus
475 1295 593 1367 incipiat
607 1295 638 1352 in
652 1295 760 1366 templo
775 1295 827 1352 Dei
843 1295 993 1353 consedere
1016 1298 1044 1353 et
1067 1295 1266 1368 ignorantibus
1290 1311 1321 1353 so
1338 1293 1428 1352 Deum
1443 1293 1524 1352 aflin-

396 1413 489 1455 mare:
513 1413 597 1468 quem
618 1397 731 1469 oportet
745 1396 840 1453 lesum
854 1395 1004 1454 Dominum
1027 1399 1056 1455 et
1078 1396 1250 1455 saluatorem
1271 1398 1400 1454 nostrum
1423 1393 1565 1466 spiritum

397 1497 454 1555 oris
470 1498 514 1555 sni
530 1497 689 1555 interficere
704 1499 733 1555 et
747 1497 907 1569 praesentia
920 1497 1061 1555 aduentus
1075 1497 1121 1554 sui
1137 1513 1275 1555 euacuare
1287 1498 1315 1553 ot
1328 1497 1357 1554 in
1370 1496 1431 1568 ipso
1443 1511 1527 1552 mun·

396 1601 464 1658 dum
479 1616 684 1672 consummare,
711 1599 787 1658 sicut
807 1600 944 1672 scriptum
967 1600 1026 1658 est:
1049 1601 1085 1657 et
1108 1615 1217 1671 super
1239 1598 1333 1656 illud
1364 1599 1529 1656 sanctum

397 1702 587 1758 execratio
609 1700 878 1770 mutationum,
912 1703 948 1759 et
970 1717 1082 1773 usqne
1117 1702 1159 1758 ad
1181 1700 1529 1759 consummationem

395 1802 577 1872 temporis
617 1801 884 1859 consummatio
925 1802 1078 1860 dabitur
1121 1819 1232 1875 super
1274 1803 1367 1860 hano
1404 1802 1525 1859 uasta·

396 1901 542 1960 tionem.
1537 1920 1562 1960 is

347 2002 388 2059 15
445 2003 517 2061 Post
531 2004 601 2060 haec
615 2007 794 2061 reuertamur
818 2002 855 2060 ad
878 2003 932 2061 Vll
948 2006 978 2062 et
993 2006 1035 2063 sic
1060 2005 1096 2062 ad
1123 2004 1203 2061 LXII
1226 2004 1427 2062 hebdomadas.
1458 2019 1530 2074 qnae

397 2106 508 2176 septem
519 2104 712 2162 hebdomadae
728 2105 875 2162 continent
890 2122 978 2164 annos
994 2106 1147 2164 XLVIIII:
1165 2106 1268 2178 quibus
1284 2105 1424 2177 suppletis
1435 2104 1485 2162 illo
1499 2105 1530 2162 in

396 2208 523 2277 tempore
538 2210 568 2263 et
582 2206 761 2263 Hierusalem
778 2207 911 2264 restituta
926 2208 1149 2280 cognoscebatur
1164 2211 1194 2266 et
1215 2207 1312 2280 platea
1333 2225 1384 2280 per
1407 2207 1530 2266 medinm

397 2307 459 2365 eius
475 2307 625 2365 aedificata
636 2308 869 2366 considerabatur
883 2311 1018 2368 almurus
1031 2309 1192 2368 incircuitu
1205 2310 1333 2368 ciuitatis
1348 2309 1439 2382 ipsius
1453 2324 1530 2368 orec-

395 2412 444 2466 tus
456 2410 507 2467 illa
523 2410 618 2467 omniu
633 2427 705 2480 quae
720 2411 798 2467 intus
813 2414 895 2467 erant
910 2411 1024 2469 fortiter
1039 2413 1182 2469 tuebatur.
1209 2413 1238 2468 in
1253 2429 1310 2483 qua
1324 2413 1440 2470 ciuitate
1456 2415 1528 2469 tenr-
1539 2430 1566 2470 ao

397 2511 476 2582 plum
491 2510 562 2568 illud
578 2511 652 2581 qiiod
669 2512 698 2567 in
714 2510 899 2568 similitudino
910 2512 989 2568 Adae
1001 2512 1095 2570 inerat
1107 2514 1283 2570 destructum
1300 2512 1329 2569 in
1344 2512 1455 2570 nomine
1468 2511 1530 2570 eius

397 2610 500 2668 iterum
537 2629 588 2684 per
613 2612 706 2671 XLVI
732 2629 820 2670 anuos
846 2614 890 2669 est
920 2613 1099 2672 aedificatum
1126 2615 1199 2671 etin
1215 2617 1392 2672 sacramento
1412 2613 1531 2685 spiritus

397 2713 490 2770 sancti
505 2712 567 2770 oleo
583 2715 628 2770 est
644 2716 771 2783 unctum,
787 2715 924 2785 quomodo
941 2715 978 2772 ab
992 2715 1094 2786 angelo
1110 2715 1205 2773 fuerat
1219 2715 1337 2786 dictum,
1355 2716 1388 2773 ut
1399 2731 1529 2772 consum-

398 2818 491 2872 metur
506 2814 580 2872 nisio
596 2817 625 2873 et
640 2815 789 2887 prophetia
801 2820 830 2873 et
840 2818 1001 2887 unguantur
1014 2819 1143 2874 sanctum
1154 2819 1326 2874 sanctorum.
1340 2816 1422 2888 ipsud
1434 2819 1530 2873 autem

398 2915 454 2973 fuit
469 2918 598 2974 sanctum
613 2921 775 2975 sanctorum
791 2919 820 2974 in
836 2918 987 2990 imaginem
1004 2918 1126 2976 hominis
1142 2924 1274 2988 unctum,
1298 2920 1371 2989 quod
1387 2933 1450 2974 cum
1466 2918 1530 2989 ipsa
1541 2938 1567 2978 rs

397 3016 514 3075 ciuitate
531 3035 581 3089 pro
597 3018 767 3077 infidelitate
783 3019 950 3076 ludaeorum
965 3019 1001 3077 ab
1017 3020 1078 3090 ipso
1093 3020 1213 3078 Domino
1228 3023 1327 3078 nostro
1339 3021 1441 3078 iterum
1458 3023 1531 3078 tem·

399 3120 516 3191 poribus
531 3120 703 3193 Vespasiani
718 3125 762 3180 est
777 3121 1005 3180 exterminatum.
1030 3122 1070 3180 sic
1093 3123 1187 3182 fuerat
1202 3121 1278 3182 onim
1295 3121 1324 3180 in
1340 3123 1437 3181 codem
1451 3121 1530 3194 capi·

469 3336 484 3387 1
503 3337 542 3388 sic
560 3337 670 3405 etenim]
689 3337 792 3390 sicntc
911 3337 1019 3391 danielo
1037 3340 1062 3402 b,
1080 3355 1096 3391 u
1115 3338 1219 3391 daniele
1238 3355 1253 3392 c
1354 3339 1372 3390 2
1390 3341 1417 3390 et
1435 3337 1531 3390 conflr-

399 3420 517 3472 mauitc
643 3422 660 3473 6
678 3423 725 3488 qni
744 3426 807 3475 sunt
824 3424 928 3490 empna,
947 3424 1008 3490 quis
1027 3425 1050 3487 b,
1068 3425 1115 3491 qui
1134 3424 1254 3479 fiuntcc
1377 3423 1531 3491 apocalypsi

398 3505 461 3558 inb
564 3505 777 3559 8antichristus
795 3508 819 3571 b,
838 3508 1016 3575 nequissimus
1034 3525 1065 3562 co
1168 3508 1294 3563 {laedere
1311 3525 1342 3563 eo
1445 3506 1530 3561 domi·

397 3606 462 3642 num
481 3607 509 3644 so
528 3591 544 3644 b
702 3594 735 3645 10
752 3591 901 3660 dominum]
921 3594 1051 3646 christum
1070 3609 1085 3647 c
1249 3594 1282 3647 13
1299 3593 1464 3646 uastationis
1482 3609 1497 3646 c

399 3676 432 3727 14
449 3678 478 3727 et
495 3691 608 3743 supere
765 3679 798 3730 16
816 3677 890 3745 haec]
908 3678 993 3730 hocb
1147 3677 1235 3745 an]
1254 3677 1354 3730 LXXII
1372 3678 1395 3740 b,
1414 3676 1485 3728 Lxx
1503 3679 1533 3730 et

397 3759 498 3814 duasc
619 3760 654 3815 20
671 3760 851 3816 tuebantnrb
967 3762 1000 3815 21
1020 3762 1260 3816 similitudincmc
1376 3762 1498 3815 ominoc

397 3845 433 3897 22
451 3861 498 3912 per
509 3885 514 3896 .
526 3887 532 3898 .
543 3885 549 3898 .
561 3846 733 3899 aedificatum
752 3864 801 3900 oon.
821 3864 836 3901 c
982 3851 1210 3901 sacramentumc
1359 3849 1531 3901 231111111-

398 3933 517 3983 meretur
535 3947 550 3985 c
724 3932 759 3985 24
777 3931 908 4000 propheta
926 3933 951 3996 b,
968 3933 1126 4002 prophetiae
1144 3949 1159 3987 c
1330 3934 1463 4001 ungentur
1482 3931 1498 3984 b

399 4019 541 4071 sauctusc
635 4017 723 4086 ipsum
746 4018 781 4071 W
872 4018 1202 4088 2511111111]11111111
1304 4019 1339 4072 26
1357 4033 1403 4087 pro
1426 4018 1470 4080 W,
1488 4031 1534 4084 per

399 4103 423 4164 b,
441 4118 500 4155 curn
520 4119 535 4156 c
674 4104 707 4156 21
726 4104 766 4157 sic
783 4105 871 4158 inerat
888 4105 969 4173 anim]
989 4108 1119 4173 quomodo
1138 4109 1166 4158 et
1184 4105 1273 4158 inerat
1291 4121 1306 4158 e
1449 4103 1533 4156 eunde

398 4188 517 4255 capitulo
536 4205 550 4241 c
