3720 4920
540 309 586 364 De
602 289 865 379 ainouleritute
883 304 1088 361 elericorum
1111 321 1134 359 o.
1154 305 1231 360 1-3.
1389 305 1453 371 175

316 468 437 542 cidisse,
460 472 491 529 et
505 469 689 529 uehementer
704 467 826 528 infrenis
842 467 888 527 est
901 465 948 525 eui
962 483 1020 526 oon
1034 464 1174 525 incutitur
1188 465 1273 525 timor
1287 465 1343 526 alio
1369 478 1453 540 pere·

317 575 397 632 unte.
413 575 523 632 amator
538 575 584 631 eet
597 589 665 632 uero
681 571 786 631 salutis
801 586 870 630 suae
885 569 935 644 qui
950 569 1042 629 euitat
1056 569 1166 628 abenae
1180 569 1281 629 mortis
1297 569 1452 628 incursum.

318 678 350 735 ot
364 675 428 748 ipse
443 677 489 734 est
499 674 635 747 prouidus
647 674 697 748 qui
709 673 851 734 sollicitus
866 672 900 730 tit
910 672 1042 731 cladibus
1053 675 1220 743 tatarorum,
1238 671 1313 731 siout
1321 672 1456 731 Salomon

321 778 462 851 adprobat
476 778 590 836 dicens:
613 777 760 836 astutus
782 776 914 835 uidens
936 775 1069 834 malum
1090 774 1233 848 puniri,
1263 777 1457 835 uehemen-

299 883 378 939 star
399 879 601 951 erudietur,
637 881 668 938 et
695 878 814 938 iterum:
837 876 1059 939 audentibus
1080 876 1206 951 impiis
1227 876 1321 936 iusti
1346 878 1461 937 noha:

321 985 462 1043 menter
489 982 741 1041 terrebuntur.
765 979 933 1040 aduersaria
953 984 998 1039 eet
1025 978 1197 1039 confidentia
1221 996 1294 1054 quae
1319 979 1459 1053 perieulis

321 1085 412 1145 uitam
432 1102 515 1143 suam
534 1100 585 1157 pro
607 1086 684 1144 oerto
704 1084 893 1153 commendat,
916 1085 946 1141 et
965 1083 1078 1141 lubrica
1091 1097 1157 1155 spes
1172 1085 1218 1141 est
1232 1098 1303 1155 quae
1318 1082 1396 1141 inter
1411 1081 1457 1141 fo·

320 1189 419 1245 menta
434 1186 543 1259 peccati
559 1186 666 1244 saluari
681 1202 712 1244 se
723 1189 829 1258 sperat.
842 1185 953 1244 ineerta
967 1183 1088 1243 uictoria
1098 1187 1144 1242 est
1154 1184 1231 1242 inter
1245 1184 1364 1243 hostilia
1378 1202 1459 1244 arma

319 1304 465 1362 pugnare,
489 1288 519 1346 et
539 1285 718 1361 inpossibilis
740 1285 875 1345 liberatio
889 1288 935 1344 est
949 1284 1073 1345 flaminis
1088 1284 1259 1345 circumdari
1277 1302 1329 1346 neo
1344 1287 1455 1347 ardere.

283 1392 398 1465 requorl
431 1390 563 1449 Salomon
588 1391 713 1463 abnegat
739 1389 854 1448 dicens:
886 1387 970 1464 quis
992 1388 1174 1461 alligabit
1206 1389 1243 1447 in
1276 1391 1360 1449 sinu
1393 1406 1459 1449 suo

317 1492 447 1567 ignom,
470 1493 701 1551 uestimenta
722 1492 849 1548 eutem
871 1507 938 1548 sua
959 1506 1028 1549 non
1051 1491 1263 1549 comburet?
1286 1495 1353 1550 aut
1375 1492 1459 1567 quis

318 1594 527 1655 ambulabit
548 1611 659 1666 super
680 1591 858 1652 carbones
881 1591 999 1665 ignis,
1033 1592 1144 1664 pedes
1166 1608 1252 1652 uero
1275 1610 1345 1653 non
1367 1611 1459 1655 oom-

318 1697 445 1755 buret?
469 1696 524 1775 sio
546 1694 606 1768 qui
629 1694 772 1753 introit
792 1695 834 1752 ad
855 1709 1002 1752 uxorem
1023 1693 1181 1766 proximi
1204 1693 1271 1764 sui,
1293 1695 1459 1754 nouerit

318 1797 481 1856 inmunis
502 1812 617 1869 neque
631 1796 747 1854 omnis
762 1797 823 1869 qui
837 1794 964 1868 tangit
978 1809 1062 1853 eam.
1077 1794 1300 1868 oreditequaeso
1316 1813 1377 1869 nos,
1393 1814 1457 1856 ore·

285 1913 311 1953 re
320 1897 381 1956 (lite
396 1897 511 1958 diuinae
525 1897 591 1954 fidei
607 1894 777 1969 quinimmo
792 1914 878 1970 quam
893 1893 1024 1955 uestrae:
1041 1895 1108 1966 quia
1123 1912 1205 1954 omne
1217 1896 1354 1969 quioquid
1369 1896 1456 1971 polli-

320 2000 401 2058 eetur
415 2016 472 2056 non
486 1999 582 2070 potest
595 1996 697 2056 lallare
713 1998 825 2056 dioeute
839 1996 976 2054 Domino:
999 1997 1015 2053 1
1018 1995 1155 2054 acilius
1170 1998 1236 2066 ast,
1258 1997 1362 2070 inquit,
1378 2015 1457 2057 eae·

321 2100 394 2158 lum
423 2102 461 2158 et
492 2104 628 2158 terram
659 2099 866 2173 praeterire
896 2115 997 2171 quam
1027 2098 1067 2155 de
1089 2096 1170 2171 lege
1192 2115 1297 2158 unum
1319 2100 1458 2173 apioem

320 2205 460 2265 eadere.
495 2206 524 2262 et
554 2204 675 2262 iterum:
706 2204 848 2263 eaelum
881 2204 918 2261 et
949 2205 1051 2262 terra
1081 2202 1311 2275 transibunt,
1344 2205 1460 2263 uerba

321 2309 442 2366 antem
464 2322 537 2365 mea
551 2322 622 2364 non
643 2304 918 2379 praeteribunt.
942 2302 998 2376 ipsi
1014 2319 1082 2376 ergo
1097 2320 1148 2363 nos
1164 2302 1302 2375 fallimus,
1325 2305 1459 2379 quotiens

284 2407 522 2467 aoinordineliter
544 2408 686 2466 oredimus
701 2407 888 2465 aestimantes
903 2422 955 2478 por
969 2405 1055 2464 fidem
1074 2410 1201 2464 nostram
1217 2405 1290 2479 legis
1306 2409 1460 2480 praecepta

319 2525 405 2583 posse
420 2509 537 2579 mutari,
553 2512 587 2568 ut
600 2509 678 2568 inter
688 2507 829 2568 masculos
844 2511 875 2567 et
886 2506 1007 2566 feminas
1019 2524 1165 2580 speremus
1176 2507 1283 2581 passim
1294 2509 1459 2568 castitatem

320 2609 494 2668 immobilem
510 2611 656 2669 custodiri.

363 2710 488 2770 Difficile
504 2711 569 2785 quis
585 2728 725 2769 uenenum
746 2711 826 2768 bibet
842 2713 871 2768 et
896 2710 987 2768 uiuet.
1010 2711 1166 2768 uerendum
1186 2712 1232 2769 est
1254 2711 1405 2770 dormienti
1427 2712 1488 2771 in3

321 2813 393 2885 ripa,
416 2816 560 2883 necabat,
583 2831 648 2872 oum
663 2814 741 2871 dieat
756 2812 921 2885 apostolus:
945 2813 1008 2884 qui
1023 2828 1059 2871 se
1081 2814 1191 2884 putat
1213 2815 1312 2871 stare
1328 2815 1458 2872 uideat

287 2931 364 2976 aene
386 2914 511 2974 eadat.
545 2914 575 2971 in
601 2915 656 2974 bae
681 2917 764 2988 parte
778 2913 895 2986 expedit
915 2914 988 2972 bene
1002 2913 1103 2970 timere
1117 2931 1203 2986 quam
1218 2914 1292 2972 male
1307 2915 1403 2975 fidere.
1427 2918 1458 2975 et

320 3014 422 3074 utilius
438 3019 483 3074 est
498 3016 641 3074 infirmum
656 3033 687 3074 se
701 3015 785 3074 homo
801 3017 954 3088 cognoseat
982 3019 1015 3073 ut
1029 3015 1114 3073 fortis
1129 3015 1249 3085 existat,
1265 3034 1350 3090 quam
1371 3018 1457 3077 tortis

322 3115 417 3175 uideri
432 3116 519 3188 uelit,
546 3120 577 3175 et
591 3115 722 3175 infirmus
737 3120 875 3189 emergat.
899 3117 934 3174 de
956 3133 1013 3190 qua
1032 3133 1063 3175 re
1077 3118 1308 3190 praesumptores
1323 3120 1458 3193 obiurgat

320 3216 467 3291 apostolus
488 3218 599 3276 dioens:
635 3217 667 3275 si
690 3218 751 3289 qui
773 3220 887 3291 putat
909 3234 947 3275 se
969 3217 1114 3291 aliquid
1137 3234 1231 3289 esse,
1261 3237 1339 3279 eum
1359 3222 1458 3281 nihil

321 3319 383 3390 sit,
407 3336 443 3377 se
464 3320 582 3393 ipsum
604 3320 786 3392 inplanat.
809 3338 862 3394 pro
877 3321 955 3379 certo
970 3319 1134 3394 inplanator
1147 3321 1280 3395 proprius
1295 3340 1375 3382 suam
1391 3325 1456 3382 ani·

389 3552 624 3616 4Pr0u.24,12.
644 3553 679 3623 (i)
803 3555 837 3607 10
854 3553 932 3607 Pron.
952 3554 977 3616 6,
996 3554 1039 3607 27.
1058 3553 1100 3606 28.
1217 3556 1251 3608 16
1268 3555 1333 3610 Lue.
1354 3558 1395 3620 16,
1415 3559 1457 3612 17.

322 3637 356 3691 18
373 3637 474 3691 Maron.
491 3638 534 3700 24,
552 3637 594 3690 55.
699 3638 966 3702 24100r.10‚12.
1086 3639 1121 3692 28
1139 3638 1201 3693 Gal.
1218 3639 1243 3703 6,
1260 3640 1285 3694 3.

391 3843 409 3894 2
427 3858 490 3895 uero
508 3844 550 3896 est
567 3860 584 3896 o
701 3842 735 3896 10
753 3843 871 3913 abnegat
892 3843 923 3908 0,
940 3858 995 3897 non
1011 3844 1096 3911 negat
1112 3860 1130 3897 o
1245 3844 1278 3897 13
1295 3846 1394 3900 introit
1411 3846 1455 3911 θ’,

321 3927 460 3982 introierit
481 3929 532 3984 0²0
644 3929 679 3983 14
697 3945 745 3982 uos
767 3930 827 3986 Oe.
845 3930 864 3983 l.
881 3946 916 3983 m.
933 3931 954 3983 2
1063 3930 1097 3984 15
1114 3929 1174 3998 plus
1187 3945 1268 4000 quam
1285 3932 1423 3988 Erasmus

322 4016 429 4066 uestrae
446 4014 476 4077 0,
495 4016 603 4069 nostrae
620 4033 638 4070 o
787 4017 823 4069 20
839 4018 983 4085 praecepto
1003 4016 1038 4072 0¹
1187 4018 1221 4071 21
1239 4033 1318 4086 poree
1335 4035 1386 4073 om.
1404 4036 1422 4073 a

321 4097 358 4151 23
375 4096 454 4151 bibat
476 4100 510 4155 0¹
625 4100 704 4154 uiuat
724 4102 748 4154 0
859 4099 1004 4159 uerendum
1023 4101 1075 4171 eat]
1094 4100 1138 4155 uel
1160 4101 1184 4158 0
1297 4102 1332 4157 25
1349 4104 1458 4174 expedit

321 4183 384 4253 plus
402 4201 433 4251 v,·
451 4184 488 4250 es.
506 4186 524 4239 l.
542 4188 576 4238 15
679 4186 714 4240 28
732 4186 792 4255 quis
815 4188 838 4243 O
1518 4197 1520 4201 '
