3720 4920
638 337 684 391 De
701 337 835 408 duplici
852 338 1017 406 martyrio
1035 354 1057 390 c.
1075 339 1154 391 2-5.
1399 340 1464 404 223

325 497 395 565 tem,
423 494 450 553 si
470 493 592 568 spiritus
615 493 696 554 illins
716 499 818 570 regnet
841 495 872 553 in
892 494 977 554 nobis
992 497 1023 554 et
1037 495 1064 553 si
1084 494 1165 554 illins
1189 495 1336 554 uoluntati
1350 497 1462 554 obtem·

325 600 443 671 peretur
457 597 488 656 in
503 597 599 670 terris,
615 598 851 672 quemadmodum
867 598 898 657 in
912 596 1002 657 caelis
1016 596 1098 657 nulla
1116 600 1162 657 eet
1176 595 1307 657 rebellio.
1329 597 1464 670 quoniam

327 700 425 759 autern
444 699 575 759 homines
595 716 630 759 eu
650 716 713 760 sese
734 700 809 759 nihil
833 700 940 759 habent
955 699 1083 772 uirtutis,
1099 699 1240 774 quidquid
1254 715 1306 772 per
1320 715 1373 757 nos
1387 703 1464 759 recte

325 801 437 875 geritur
463 801 539 861 cedit
560 801 591 860 in
616 801 739 875 gloriam
761 795 814 862 Dei
838 805 868 862 et
894 802 957 861 ideo
983 802 1152 861 thesaurum
1177 801 1292 860 diuinas
1318 801 1464 875 potentiae

303 903 432 976 ‘promit
448 903 592 962 intordum
607 919 642 962 sx
658 903 735 963 nasis
751 903 898 975 fictilibus,
921 905 954 962 ut
969 903 1134 963 sublimitas
1154 902 1195 962 eit
1221 902 1340 962 uirtutis
1354 903 1408 962 Dei
1434 905 1463 962 et

324 1022 383 1065 non
397 1023 432 1066 su
448 1006 541 1065 nobis.

366 1105 445 1180 Ergo
467 1124 640 1180 quamquam
661 1108 752 1167 omnis
776 1107 888 1182 piorum
909 1108 973 1167 nita
993 1107 1131 1180 martyrio
1146 1122 1199 1165 suo
1213 1105 1358 1180 glorificat
1372 1104 1465 1165 Deum
1484 1106 1505 1162 4

323 1210 355 1268 et
369 1208 516 1268 Christum
530 1208 622 1268 filium
637 1209 709 1282 eins,
724 1207 838 1269 nullum
852 1212 950 1269 tamen
965 1211 1010 1268 est
1021 1207 1168 1268 illustrius
1179 1208 1377 1267 testimonium
1388 1209 1464 1282 apud

324 1310 455 1370 homines
481 1328 567 1384 quum
593 1312 751 1385 sanguinis,
778 1314 832 1373 hoc
857 1317 903 1371 est
918 1313 995 1370 uitus
1010 1314 1129 1385 propter
1144 1311 1234 1370 Deum
1256 1312 1418 1370 contemtus
1433 1312 1464 1370 et

290 1414 316 1454 ¹⁰
325 1412 427 1471 mortis
443 1413 557 1472 fortiter
571 1413 720 1473 toleratae.
736 1414 922 1473 reddiderunt
938 1416 968 1472 et
982 1412 1122 1472 miracula
1136 1412 1333 1471 testimoninm
1346 1411 1462 1471 diuinus

323 1515 480 1586 potentiae,
507 1516 679 1588 praesertim
704 1517 780 1588 apud
806 1514 978 1585 incredulos,
1005 1531 1072 1572 nam
1098 1514 1145 1573 his
1166 1513 1281 1587 proprie
1305 1514 1374 1572 data
1395 1516 1464 1573 sunt

324 1614 419 1688 signu,
435 1617 673 1689 quemadmodum
690 1616 793 1676 scribit
808 1618 909 1675 beatus
931 1614 1099 1688 apostolus:
1123 1615 1175 1673 sed
1189 1630 1302 1688 semper
1316 1613 1462 1674 efficacius

324 1714 381 1775 fuit
407 1716 558 1791 sanguinis
584 1718 694 1792 protrusi
720 1717 926 1777 testimoninm.
951 1718 1022 1790 quot
1049 1716 1164 1776 morbos
1184 1715 1361 1775 insanabiles
1377 1716 1463 1774 uerbo

324 1822 442 1877 sanarat
462 1819 616 1891 Dominus,
640 1823 711 1894 quot
734 1836 832 1879 caecos
853 1819 1033 1890 illustrarat,
1062 1823 1132 1890 qnot
1156 1835 1272 1878 mancos
1286 1818 1462 1892 paralyticos

290 1930 315 1969 ¹⁸
324 1937 358 1978 uc
373 1920 484 1979 debiles
499 1922 685 1994 restituerat,
709 1927 779 1995 quot
799 1923 944 1981 exanimes
959 1922 996 1980 ad
1018 1921 1110 1980 uitam
1125 1923 1298 1980 renouarat?
1322 1924 1352 1980 et
1367 1926 1461 1980 tamur

323 2023 408 2094 pauci
438 2023 594 2083 credebant
625 2024 655 2082 in
684 2040 766 2095 enm,
801 2027 830 2083 ct
859 2023 1012 2082 audiebat:
1053 2023 1090 2080 in
1111 2022 1319 2082 Beelzebub
1348 2022 1463 2081 eiecit

324 2122 523 2185 daemonia.
547 2126 673 2185 celerum
691 2125 740 2184 nbi
755 2130 873 2184 uentum
888 2130 933 2184 est
948 2125 984 2182 nd
1000 2123 1180 2198 sanguinem,
1203 2123 1245 2182 ibi
1261 2123 1403 2182 deiectum
1417 2126 1463 2181 est

324 2228 442 2284 mtanae
469 2242 600 2301 regnum,
628 2228 671 2285 ibi
696 2229 833 2287 subactus
854 2229 899 2285 est
922 2228 1055 2285 mundus.
1078 2229 1280 2285 commemorat
1295 2228 1325 2284 et
1341 2226 1463 2284 Ioannes

324 2327 504 2399 euangelista
525 2328 632 2420 triplex
660 2329 690 2387 in
711 2331 790 2387 terna
811 2329 1017 2398 testimonium,
1040 2325 1163 2399 spiritns
1184 2343 1261 2400 aqna
1282 2328 1311 2384 et
1331 2325 1461 2398 sanguis,

287 2443 315 2484 so
324 2429 401 2501 qnod
415 2428 647 2489 efficacissimum
661 2433 707 2489 est
720 2432 865 2503 postremo
881 2445 1033 2489 recensens
1054 2429 1126 2489 loco.
1153 2428 1288 2502 spiritum
1304 2428 1336 2486 in
1351 2427 1460 2488 solnm·

323 2530 377 2590 buo
393 2531 487 2603 specie
502 2531 723 2591 descendentem
738 2547 825 2603 super
839 2532 933 2589 Iesum
950 2531 1048 2589 nidere
1064 2528 1170 2588 meruit
1185 2531 1306 2589 Ioannes
1321 2530 1460 2603 baptista,

323 2648 361 2689 an
375 2632 426 2691 nlii
452 2632 579 2691 uiderint
605 2633 755 2692 incertum.
780 2634 856 2691 certe
878 2634 933 2692 hoc
953 2631 1151 2691 testimoninm
1172 2631 1274 2691 Ioanni
1289 2634 1390 2691 dutum
1405 2637 1460 2704 est,

322 2749 378 2806 quo
400 2734 543 2792 desineret
569 2734 702 2793 dubitare
717 2735 752 2791 de
768 2734 887 2791 Domino
910 2734 987 2805 Iesu,
1013 2751 1050 2792 an
1077 2732 1128 2792 ille
1143 2737 1221 2792 esset
1236 2734 1285 2806 qni
1300 2733 1461 2806 baptizaret

323 2834 430 2907 spiritu
456 2837 486 2892 et
511 2835 583 2908 igni.
606 2850 698 2908 aquae
724 2835 920 2893 testimonium
945 2834 1021 2894 uidit
1046 2835 1169 2893 Ioannes
1191 2835 1381 2907 euangelista,
1408 2852 1460 2893 nec

287 2955 313 2994 as
324 2935 397 2994 satis
417 2938 533 2995 constat
554 2936 669 2995 solusne
690 2936 798 2995 uiderit
813 2954 850 2995 un
866 2954 930 2995 cum
945 2936 1056 2995 multis.
1081 2940 1143 2994 snut
1158 2936 1273 3010 quidem
1289 2936 1343 2994 boc
1359 2936 1460 3010 fingens

322 3037 490 3110 mysterium
507 3038 582 3097 sacri
598 3038 707 3097 lauacri
723 3056 779 3111 quo
794 3039 928 3097 delentur
942 3040 1075 3112 peccatu:
1099 3040 1149 3096 sed
1164 3037 1239 3097 uidit
1255 3055 1358 3112 aquam
1373 3038 1460 3096 simul

321 3138 438 3199 effluere
465 3156 530 3198 cum
556 3141 707 3213 sanguine,
733 3139 784 3214 qni
810 3139 866 3199 nisi
888 3140 1032 3199 adfuisset
1054 3140 1189 3200 inefficax
1204 3143 1268 3199 erat
1283 3157 1367 3214 aqua
1391 3140 1460 3213 quid

322 3240 398 3298 enim
424 3242 541 3314 prodest
562 3242 673 3300 aboleri
688 3246 816 3314 peccate,
844 3242 901 3300 nisi
915 3243 1051 3301 succedat
1066 3244 1128 3300 uita
1142 3242 1274 3301 iustitiae
1290 3259 1375 3316 quam
1390 3260 1460 3302 con-

321 3342 380 3402 fert
406 3343 545 3417 sanguis?
573 3361 744 3418 quamquam
765 3345 796 3404 hi
819 3346 878 3403 tres
904 3360 992 3404 unum
1018 3345 1102 3402 sunt:
1126 3359 1200 3403 nnus
1216 3343 1294 3403 euim
1308 3343 1387 3402 Deus
1403 3347 1458 3416 est,

285 3467 311 3506 so
321 3446 370 3518 qui
391 3463 442 3519 per
462 3447 596 3519 spiritum
620 3465 723 3521 aquam
739 3451 770 3504 et
785 3447 954 3519 sanguinem
977 3447 1105 3505 declarat
1119 3446 1268 3505 hominum
1283 3448 1382 3520 generi
1397 3447 1458 3505 nir·

320 3548 412 3605 tutem
428 3565 462 3606 ac
483 3549 641 3607 bonitatem
667 3566 764 3607 suam:
788 3551 838 3606 aut
862 3548 924 3606 ideo
951 3548 1085 3607 dicuntur
1110 3565 1199 3606 unum
1225 3565 1298 3620 esse,
1325 3549 1458 3622 quoniam

321 3651 447 3723 undique
463 3652 520 3709 sibi
535 3653 650 3711 constat
665 3653 861 3710 testimonium
876 3669 929 3711 nec
943 3652 1005 3711 ulla
1019 3670 1054 3710 ex
1069 3654 1151 3724 parte
1167 3652 1305 3727 dissonat,
1322 3653 1458 3726 quemad·

323 3751 438 3810 modum
465 3769 535 3825 quos
563 3753 712 3812 artissima
737 3754 832 3826 iungit
858 3753 986 3812 amicitia
1006 3755 1124 3826 prepter
1145 3770 1286 3812 summum
1301 3755 1458 3813 animorum

320 3870 489 3913 consensum
504 3873 579 3913 unus
594 3856 707 3915 animus
722 3872 785 3914 esse
802 3854 943 3914 dicuntur.

286 3980 312 4021 us
364 3957 408 4016 ric
433 3957 513 4016 iuxta
539 3974 655 4017 sensnm
678 3957 847 4017 crassiorem
869 3958 940 4017 haec
964 3957 1023 4016 tria
1044 3957 1199 4031 praecipua
1213 3962 1282 4019 sunt
1297 3960 1328 4019 in
1344 3960 1458 4019 bomine
1481 3962 1501 4020 5

322 4058 399 4116 nitas
423 4062 591 4131 argumenta
615 4063 701 4134 utque
726 4061 813 4119 etism
835 4061 1034 4119 instrumenta.
1059 4061 1194 4134 quamdiu
1218 4063 1295 4121 enim
1315 4062 1458 4136 pulmonis

390 4224 424 4277 16
441 4223 507 4277 Luc.
528 4224 569 4288 11,
590 4224 629 4278 15.
