3720 4920
392 329 436 392 90
507 310 509 315 ’
866 320 1052 392 Appendix.

392 496 459 540 ores
479 482 530 539 eut
554 478 733 551 curiosiores,
755 481 784 539 et
798 481 942 554 tomptnut
964 480 1097 541 nonnulli
1118 481 1233 542 illorum
1254 484 1378 542 tractare
1401 498 1432 542 ee
1455 480 1531 542 solos

394 582 539 655 integrum
563 585 650 656 etque
671 581 838 654 perlectum,
853 598 910 640 non
932 581 1018 641 sicuti
1039 599 1091 642 noe
1114 583 1281 642 mutilatum
1295 586 1325 643 et
1340 584 1529 655 decurtetnm,

393 683 538 760 bsptisma
561 684 684 756 medere,
711 685 786 759 quod
808 683 908 744 taliter
928 684 1063 745 dicuntur
1083 686 1236 761 adsignare
1260 690 1400 762 utquam
1422 703 1486 747 mox
1501 687 1532 746 in

394 803 498 861 nquam
525 787 743 860 descenderunt,
771 787 870 847 statim
896 804 1107 862 superaquam
1133 789 1211 863 ignis
1237 791 1383 864 eppereat.
1407 788 1530 863 quodsi

394 887 492 963 eliquo
514 888 581 946 lusu
604 890 764 962 perpetrari
786 891 891 961 potest,
915 887 991 948 sicut
1012 889 1200 950 adfirmentur
1224 892 1352 965 plerique
1367 888 1553 950 huiusmodie

394 990 477 1050 lusus
491 989 627 1050 Anaxilni
642 1006 713 1062 cese,
729 990 791 1049 siue
807 991 938 1050 ueturele
954 990 1024 1065 quid
1039 995 1093 1065 eet,
1118 1009 1173 1066 quo
1188 997 1273 1067 pecto
1288 994 1380 1068 possit
1395 993 1448 1051 hoo
1463 1008 1531 1051 con·

394 1092 517 1165 tingere,
548 1092 609 1152 siue
635 1090 681 1150 illi
709 1095 814 1166 putent
843 1094 898 1152 boc
924 1107 956 1151 so
983 1093 1146 1166 conspicere
1172 1096 1234 1154 siue
1260 1094 1381 1169 meligni
1406 1111 1477 1168 opus
1502 1097 1533 1154 et

394 1194 539 1268 magicum
554 1193 634 1253 uirus
648 1193 745 1267 ignem
759 1196 855 1267 potest
869 1193 899 1253 in
913 1212 989 1269 aqua
1004 1196 1178 1269 exprimere:
1201 1197 1246 1256 illi
1260 1199 1356 1257 tamen
1370 1195 1459 1256 telem
1474 1195 1531 1255 fal·

394 1294 499 1356 leniam
514 1298 544 1355 et
559 1298 708 1370 stropham
723 1296 890 1369 praedicent
904 1296 1065 1370 perfectum
1080 1297 1226 1372 baptisma
1247 1315 1319 1372 esse,
1343 1299 1418 1373 quod
1433 1297 1532 1358 fideles

395 1398 525 1456 homines
542 1396 568 1457 si
583 1397 674 1457 enecti
688 1396 805 1456 fuerunt
819 1396 955 1471 eocipe're,
972 1398 1072 1472 utique
1087 1416 1144 1458 non
1159 1399 1339 1459 dubitabitur
1352 1416 1401 1460 eos
1415 1400 1445 1458 id
1455 1399 1531 1473 quod
1542 1419 1567 1458 ro

394 1499 558 1559 habuerent
573 1498 713 1570 amisisse,
728 1498 846 1572 perinde
861 1515 894 1558 ac
909 1499 934 1558 ei
950 1498 1014 1574 quie
1026 1502 1203 1561 sacramento
1217 1500 1301 1560 miles
1316 1501 1394 1560 dicto
1409 1499 1532 1560 deeertie

395 1599 457 1659 suis
472 1600 576 1659 caetris
591 1600 622 1658 in
636 1599 763 1658 hostium
778 1599 984 1659 diuersissimis
1009 1599 1114 1659 cestrie
1130 1600 1215 1675 louge
1230 1601 1309 1661 eliud
1323 1602 1532 1660 sacrementnm

394 1700 469 1759 uelit
490 1700 592 1774 dicere,
619 1701 673 1759 hnc
695 1701 807 1761 ratione
829 1703 943 1761 constat
968 1718 1033 1761 eum
1047 1704 1145 1762 uetere
1160 1705 1338 1762 sacramento
1364 1704 1530 1762 exauctore-

394 1803 457 1860 tum
475 1818 549 1861 esse.

346 1906 387 1968 17
440 1903 516 1962 Item
536 1903 562 1962 ei
588 1903 750 1963 huiusmodi
771 1904 854 1963 bomo
880 1920 979 1962 rursus
1004 1905 1041 1962 ad
1066 1907 1096 1964 te
1121 1906 1230 1977 redeet,
1252 1905 1352 1978 utique
1377 1903 1567 1968 heeeitebisre

396 2006 493 2064 utrum
509 2005 614 2063 hebent
629 2005 772 2078 baptisma
784 2020 888 2064 necue:
905 2007 935 2063 et
947 2008 1045 2064 temen
1056 2007 1199 2079 oportebit
1214 2008 1244 2066 te
1258 2006 1325 2065 huic
1339 2023 1450 2080 qnoque
1463 2021 1533 2079 pae-

396 2105 549 2164 nitentiam
571 2106 670 2178 egenti
693 2106 919 2180 quibuscumque
940 2106 1032 2164 modis
1047 2106 1175 2179 potueris
1191 2106 1353 2167 subuenire.
1376 2109 1423 2166 eet
1438 2111 1533 2166 entem

396 2206 552 2266 adulterini
566 2206 653 2265 huius
667 2205 752 2266 immo
768 2205 939 2267 internecini
954 2207 1139 2280 baptismatis
1154 2209 1180 2267 ei
1195 2210 1246 2283 qni
1260 2208 1335 2268 alius
1347 2211 1456 2280 auctor,
1472 2211 1533 2267 tum

397 2309 485 2368 etiam
509 2309 625 2382 quidem
647 2309 693 2367 ab·
704 2308 811 2367 eisdem
826 2309 899 2382 ipsis
913 2308 1068 2368 haereticis
1084 2312 1201 2382 propter
1220 2313 1298 2371 hunc
1319 2312 1439 2370 eundem
1455 2325 1533 2368 erro·
1572 2333 1576 2341 ·

397 2425 458 2468 rom
480 2410 618 2470 condctue
639 2409 714 2469 libor
740 2411 790 2485 qni
812 2411 979 2469 inscribitur
1001 2425 1129 2471 rovum
1150 2425 1393 2473 Pssunucsrro.
1423 2411 1454 2469 iu
1476 2428 1567 2485 queso

397 2511 473 2571 libro
499 2514 598 2571 contra
625 2528 723 2571 omnes
749 2512 907 2584 scripturas
923 2515 952 2570 et
968 2512 1003 2570 de
1026 2515 1143 2585 peccato
1161 2514 1275 2587 proprio
1291 2514 1472 2572 confitentem
1487 2513 1532 2570 in·

396 2613 496 2673 uenies
520 2613 675 2686 christum,
703 2612 753 2687 qui
776 2614 856 2673 eolus
872 2614 985 2672 omnino
1008 2613 1082 2672 nihil
1095 2613 1227 2687 deliquit,
1243 2617 1273 2673 et
1286 2614 1323 2673 ed
1338 2613 1532 2686 accipiendum

396 2715 514 2775 Ioannis
534 2715 679 2789 baptisma
692 2731 781 2788 peene
808 2714 931 2773 inuitum
946 2718 1069 2773 amatre
1095 2731 1149 2773 ena
1162 2714 1255 2772 bieria
1269 2731 1331 2774 esse
1346 2715 1531 2786 compulsum,

396 2816 467 2875 item
483 2833 547 2876 curn
563 2816 758 2889 baptizaretur
772 2816 868 2889 iguem
882 2831 968 2887 super
982 2831 1086 2888 equum
1101 2829 1165 2874 esee
1179 2815 1284 2887 uisum,
1308 2815 1384 2888 quod
1399 2815 1429 2873 in
1444 2831 1532 2874 euen-

396 2918 473 2992 gelio
499 2918 579 2978 nullo
605 2922 651 2977 eet
676 2917 825 2991 scriptum,
852 2920 969 2991 etpost
992 2919 1075 2975 teuta
1089 2918 1218 2991 tempore
1233 2917 1349 2976 Petrum
1365 2920 1395 2975 et
1410 2916 1565 2980 Panlnmcs

396 3022 462 3094 poet
486 3019 675 3079 conlationem
697 3018 841 3092 euangelii
855 3019 887 3077 in
901 3018 1081 3078 Hierusalem
1097 3021 1127 3077 et
1141 3020 1270 3077 mutuum
1285 3018 1488 3092 cogitationem
1502 3019 1532 3077 et

395 3121 610 3181 altercationem
634 3124 664 3178 et
686 3137 781 3179 rernm
808 3119 982 3193 agendarum
1004 3119 1219 3192 dispositionem
1244 3121 1388 3194 postremo
1415 3118 1445 3176 in
1460 3119 1529 3178 urbe

325 3243 329 3250 ·
395 3223 479 3298 queei
494 3225 563 3282 tunc
577 3223 700 3296 primum
715 3220 838 3280 inuicem
853 3221 909 3280 sibi
924 3238 987 3280 esse
1003 3221 1144 3294 cognitos,
1161 3223 1190 3281 et
1203 3221 1342 3294 quaedem
1358 3221 1416 3278 elia
1429 3221 1530 3280 huius·

396 3323 506 3385 cemodi
531 3324 655 3383 absurde
680 3340 714 3382 ec
740 3323 863 3395 turpiter
889 3321 1019 3395 conficta,
1047 3339 1120 3396 quae
1148 3321 1243 3381 omnia
1269 3322 1299 3381 in
1322 3321 1404 3381 illum
1426 3320 1531 3380 librum

396 3426 526 3486 inuenies
541 3429 686 3500 congesto.
710 3424 759 3498 qni
783 3425 878 3483 autem
893 3441 950 3483 non
964 3423 1102 3497 ignorant
1116 3424 1238 3498 spiritus
1252 3425 1346 3482 sancti
1361 3423 1531 3497 qualitatem
1540 3444 1566 3485 so

396 3528 571 3600 intellegunt
587 3529 661 3600 qnod
677 3527 785 3586 dictum
800 3529 845 3585 eet
860 3527 895 3584 de
910 3524 972 3599 igni
987 3526 1021 3584 de
1036 3526 1100 3599 ipso
1114 3526 1220 3599 spiritu
1241 3526 1348 3584 dictum
1369 3541 1441 3586 esec.
1465 3542 1530 3583 nam

395 3629 426 3689 in
449 3630 522 3691 actis
543 3630 736 3705 apostolorum
757 3628 912 3690 secundum
936 3627 1012 3687 benc
1032 3628 1150 3689 eandem
1172 3623 1390 3703 promissionem
1415 3626 1530 3688 Domini

395 3734 488 3792 nostri
514 3732 577 3807 ipeo
601 3733 647 3791 dio
669 3733 853 3791 Pentecostee
879 3749 944 3792 cnm
968 3731 1165 3790 descendisset
1178 3730 1297 3803 spiritus
1312 3732 1429 3790 sanctus
1444 3746 1530 3802 super

395 3834 553 3909 discipulos
575 3834 658 3893 utin
679 3834 730 3892 illo
756 3833 981 3907 baptizarentur,
1006 3833 1086 3891 uisae
1112 3836 1181 3892 eunt
1195 3831 1354 3891 insidentes
1370 3846 1455 3904 super
1469 3831 1530 3889 sin·

465 4027 481 4079 1
499 4023 620 4094 illorum]
633 4023 731 4077 iterum
744 4023 804 4093 Rip.
891 4021 1043 4076 3dicnntur
1056 4020 1120 4090 Rip.
1208 4021 1243 4075 20
1260 4021 1351 4074 Penlli
1370 4019 1435 4083 cod„
1455 4018 1529 4072 Petri

394 4109 549 4182 Ripalte'ne5
567 4110 602 4175 cs.
620 4109 702 4165 Clcm.
722 4110 801 4162 Alex.
821 4108 920 4163 Stroon.
943 4107 994 4162 VI.
1004 4125 1035 4176 p.
1048 4111 1110 4171 639,
1130 4107 1262 4163 Laetam.
1282 4109 1351 4161 lnel.
1366 4104 1415 4159 IV
1424 4121 1448 4160 c.
1461 4108 1495 4158 21

395 4197 430 4251 26
447 4195 640 4266 cogitationem
658 4196 686 4248 et
704 4208 753 4249 ors.
772 4193 833 4262 Rip.
937 4193 972 4247 34
983 4193 1024 4263 nt]
1038 4195 1066 4246 et
1077 4193 1140 4264 Rip.
1278 4198 1280 4201 ’
