3720 4920
604 350 648 401 De
666 348 798 401 Pascha
815 351 993 416 computus
1011 363 1033 401 c.
1054 347 1167 401 12-14.
1393 345 1454 409 261

319 512 454 570 demades
470 512 646 580 computare.
677 509 711 565 de
728 507 800 580 ipsis
816 508 892 565 enim
913 507 1048 580 angelum
1062 505 1115 565 Dei
1139 505 1320 565 meminimus
1335 504 1456 562 Daniele

318 613 441 671 dixisse:
472 610 547 668 LXX
570 610 812 669 hebdomades
835 608 1030 668 breuiatne
1052 612 1139 667 sunt
1155 607 1458 682 superpopulum

316 718 420 773 tunm
443 716 480 772 et
502 729 613 785 super
642 712 835 772 ciuitatem
871 711 973 770 illam
1007 714 1186 783 sanctam,
1223 715 1261 769 nt
1294 727 1457 769 consum·

321 818 440 874 metor
462 817 653 888 peccatum
676 816 711 873 ot
734 817 774 872 ut
796 815 995 887 signentur
1017 815 1172 886 peccatu
1200 815 1236 871 et
1257 812 1460 871 deleantur

298 916 539 977 einiustitiae
573 919 610 973 et
642 917 840 989 expientur
872 916 1090 974 iniustitiae
1123 919 1160 974 et
1192 917 1235 971 ut
1258 915 1461 972 reducatur
1531 912 1532 916 ’

322 1021 478 1079 iustitia
511 1021 666 1078 aeterna
698 1023 734 1076 et
767 1021 807 1077 ut
829 1019 1001 1092 signetur
1022 1017 1121 1078 nisio
1144 1021 1181 1077 et
1203 1016 1404 1092 prophetia
1425 1018 1460 1073 et

319 1128 360 1181 ut
381 1125 589 1197 ungneatur
611 1124 778 1180 sanctum
801 1123 1023 1179 sanctorum.
1059 1123 1095 1179 et
1124 1134 1329 1192 cognosces
1351 1119 1387 1174 et
1409 1118 1459 1175 in-

320 1224 479 1297 telliges
502 1224 545 1282 ab
567 1224 670 1283 exitu
692 1221 889 1294 sermonis,
912 1225 951 1281 ut
974 1219 1461 1295 respondeaturetutaedi-

319 1327 461 1386 ficetur
483 1325 720 1384 Hierusalem
747 1342 861 1398 usquo
888 1324 931 1382 ad
961 1324 1151 1382 Christum
1175 1325 1309 1393 ducem,
1332 1323 1464 1380 hebdo-

285 1430 443 1488 romades
466 1426 523 1486 VII
547 1427 839 1487 ethebdoruades
862 1425 956 1484 oxu:
984 1428 1021 1484 et
1044 1428 1289 1485 concertetur
1311 1427 1346 1483 et
1368 1424 1462 1482 aedi-

320 1531 499 1590 ficabitur
533 1531 660 1601 platea
688 1532 723 1587 et
751 1546 890 1600 murus,
921 1533 957 1587 et
986 1529 1251 1587 exinanientur
1280 1529 1470 1599 temporat

323 1633 464 1704 etpost
487 1631 737 1688 hebdomades
759 1631 824 1688 has
847 1629 928 1687 LXII
951 1629 1161 1702 disperibit
1193 1631 1322 1691 unctio
1355 1635 1392 1691 et
1414 1635 1464 1691 iu·

323 1734 459 1792 dicium
489 1748 558 1789 non
589 1736 648 1790 est
678 1732 713 1788 in
743 1747 797 1789 eo:
827 1734 862 1789 et
885 1730 1084 1789 ciuitatem
1107 1733 1143 1788 et
1166 1732 1274 1790 illum
1297 1737 1465 1792 sanctum

323 1837 535 1906 corrumpet
557 1850 631 1891 cum
655 1834 723 1892 illo
746 1834 832 1892 duce
856 1831 918 1905 qui
941 1832 1081 1904 ueniet,
1117 1836 1155 1891 et
1182 1833 1407 1893 excidentur
1429 1835 1464 1892 in

291 1938 570 2011 uocataelysmo,
604 1939 640 1994 et
666 1953 780 2007 usque
807 1936 848 1993 ad
877 1935 989 1994 linem
1016 1935 1109 1993 belli
1143 1936 1312 1994 breniati
1345 1941 1464 1995 exter·

328 2040 442 2099 minii.
471 2042 508 2098 et
535 2039 777 2098 confirmabit
805 2040 1070 2097 testamentum
1099 2038 1232 2096 multis
1265 2039 1467 2101 hebdomas

325 2160 411 2201 una:
455 2144 492 2200 et
534 2141 571 2199 in
622 2140 774 2199 dimidio
816 2139 1057 2198 hebdomadis
1106 2139 1306 2199 auferetur
1352 2158 1466 2202 meum

327 2243 564 2304 sacrificium
612 2244 647 2302 et
696 2242 849 2314 libatio,
899 2245 938 2301 et
986 2259 1100 2315 super
1143 2242 1250 2301 illum
1297 2248 1467 2304 sanetum

328 2344 519 2403 execratio
548 2345 817 2413 uastationem,
852 2347 888 2401 ot
916 2361 1030 2414 usquo
1053 2343 1095 2401 ad
1118 2346 1466 2406 consummationem

294 2447 509 2520 aetemporis
554 2445 821 2504 consummatio
865 2445 1016 2502 dabitur
1061 2462 1173 2518 super
1217 2449 1308 2505 hano
1344 2450 1468 2506 uasta-

329 2549 473 2608 tionem.

370 2652 416 2710 Et
438 2650 683 2709 confirmabit
704 2650 800 2723 inquit
826 2652 1091 2708 testamentum
1115 2652 1245 2710 multis
1267 2652 1467 2711 hebdomas
1480 2649 1520 2705 14

331 2771 409 2812 una.
434 2754 504 2812 haec
525 2757 571 2811 est
585 2770 653 2825 ergo
676 2753 830 2811 hebdomas
847 2770 903 2810 uua
918 2770 1002 2824 quam
1018 2753 1186 2825 segregauit
1209 2754 1329 2827 angelus
1344 2756 1379 2811 de
1394 2753 1469 2810 Lxx

332 2858 362 2915 et
376 2854 474 2927 posuit
497 2854 528 2912 in
550 2853 707 2912 nouissima
722 2854 830 2913 saeculi
846 2857 984 2927 tempora.
1001 2871 1086 2926 quam
1102 2855 1309 2915 hebdomadam
1333 2872 1469 2928 recogno·

294 2973 320 3012 aa
331 2956 435 3014 scimus
458 2955 563 3013 habere
578 2972 668 3014 anuos
683 2957 808 3028 septem:
824 2955 855 3012 in
871 2954 975 3027 quibus
990 2958 1102 3027 oportet
1116 2956 1209 3030 prirno
1224 2956 1323 3015 Enoch
1335 2960 1365 3015 et
1375 2956 1469 3014 Ellam

332 3058 439 3128 uenire,
457 3061 487 3116 et
501 3074 552 3131 per
566 3075 648 3116 suam
663 3058 841 3130 prophetiam
856 3074 977 3130 magnac
993 3058 1172 3117 multitudini
1189 3058 1369 3132 euangelium
1383 3058 1411 3115 id
1426 3061 1470 3116 est

402 3256 419 3307 2
437 3255 505 3308 Dan.
523 3258 549 3316 9,
566 3255 679 3307 24-27.

402 3460 505 3526 lipsis
523 3460 594 3513 enim
613 3461 638 3523 b,
656 3460 787 3527 quibusc
909 3460 1011 3514 danieli
1030 3478 1064 3515 co
1185 3458 1438 3513 2hebdomndaee

333 3547 574 3599 3consrrmeturb
652 3547 715 3599 let
732 3563 759 3599 ιι.
778 3563 799 3599 s.
818 3548 927 3615 peccata
946 3563 1031 3600 cunc
1110 3545 1232 3599 deleatur
1250 3544 1388 3598 iniustitia
1406 3561 1437 3598 co

332 3633 397 3685 bet
413 3647 472 3699 erp.
492 3631 647 3684 iniustitiae
665 3647 716 3684 om.
736 3648 751 3685 c
859 3633 890 3683 ut
909 3633 986 3697 (aare
1004 3631 1071 3699 red.)
1089 3647 1141 3684 orn.
1161 3648 1176 3685 c
1281 3631 1298 3682 6
1315 3630 1473 3699 prophetiae

332 3718 360 3769 et
377 3721 487 3769 sanctus
505 3718 660 3770 sauctorum
678 3733 694 3770 c
821 3718 840 3771 8
856 3716 1061 3784 responderetur
1080 3716 1096 3769 b
1219 3713 1404 3769 aedificaretur
1422 3730 1437 3768 c

332 3801 582 3856 9hcbdornarlasc
661 3803 695 3856 10
712 3802 788 3856 hllll
808 3804 855 3868 W,
872 3802 974 3856 LXXII
993 3804 1024 3856 bc
1042 3809 1068 3857 et
1085 3803 1126 3857 sic
1143 3802 1289 3870 aliquoties
1367 3804 1396 3854 et
1412 3817 1474 3855 con·

334 3889 538 3941 uertatur...l.
557 3892 593 3941 12
609 3887 685 3940 Lllll
704 3905 787 3941 once
871 3890 907 3943 12
924 3887 1060 3941 uxxrlo
1142 3888 1176 3940 15
1194 3889 1223 3940 et
1240 3887 1441 3941 exterminiis«)

335 3974 369 4026 16
387 3973 425 4040 et]
444 3973 490 4026 sed
509 3973 525 4027 b
658 3972 827 4026 confirmauit
846 3988 861 4026 c
994 3973 1028 4025 17
1046 3974 1075 4024 et
1093 3972 1208 4025 dimidia
1228 3971 1407 4025 hebdomadas
1426 3987 1441 4025 c

336 4059 370 4114 18
387 4060 436 4112 ult.
454 4062 483 4111 et
500 4075 584 4112 orne
671 4058 774 4113 illudb
863 4061 896 4113 lt)
914 4058 1055 4127 execratio]
1076 4059 1110 4112 ab
1130 4059 1245 4112 initioc
1327 4058 1362 4111 22
1380 4057 1474 4111 conlir-

334 4143 455 4196 rnauitc
559 4143 595 4195 23
613 4158 676 4211 orgo
695 4160 780 4196 om.c
880 4142 1079 4197 hebdomadae
1188 4142 1267 4209 cxx]
1285 4142 1440 4196 chxxo

334 4228 369 4280 26
387 4229 472 4297 suam]
493 4244 583 4283 corum
603 4246 617 4283 c
