3720 4920
1419 349 1485 398 XXI

344 481 450 549 minos
470 479 655 565 communie,
678 479 833 546 intereos
848 479 891 545 W
906 478 1059 565 singulari
1074 480 1257 567 integritate
1270 500 1331 549 nou
1346 500 1416 549 ruro
1430 501 1484 548 er-

346 594 450 671 uellit;
462 612 558 676 qnare
568 593 725 677 optimum
737 591 919 657 enmiuhoc
929 609 1059 656 numero
1068 592 1245 674 praedicare
1252 610 1314 659 non
1321 594 1441 659 dubito.
1448 594 1482 679 *)

381 845 554 917 ‘)Isungen
566 860 627 900 cum
638 844 721 900 huius
732 842 860 899 editionis
872 860 957 914 nuper
967 859 1105 898 ceusnrm
1118 848 1211 915 egeret
1223 846 1267 914 (ei.
1284 847 1486 916 Theologisebes

346 932 564 989 Literatarblott
577 936 645 987 1870
660 949 686 1002 p.
700 935 752 985 868
764 933 824 1003 sq.),
842 931 876 986 de
891 931 959 986 locis
975 931 1113 986 nonnullis
1131 934 1232 1002 optime
1251 933 1401 1003 disputans,
1418 950 1486 1004 peu·

345 1033 476 1088 eosquos
487 1018 522 1073 nd
533 1016 766 1088 wirceburgensis
783 1016 976 1072 auctoritatem
993 1032 1131 1087 exegersm
1149 1021 1288 1073 sttentnre
1305 1019 1418 1074 conutus
1434 1022 1485 1074 est.

346 1102 387 1158 sie
398 1119 425 1174 p.
437 1108 463 1167 8,
477 1107 510 1156 10
521 1105 567 1172 (ae
577 1120 614 1158 nc
631 1103 728 1172 logni
744 1107 872 1157 meterem
889 1104 994 1158 arbiter
1009 1104 1150 1172 profanus
1166 1104 1299 1174 impediat
1315 1110 1367 1159 uat
1383 1105 1487 1160 clamor

346 1189 535 1257 interruperant
553 1188 681 1255 samaiae
700 1189 851 1256 strepentis
867 1188 1015 1256 collaudat,
1032 1194 1162 1257 paenas
1178 1191 1252 1246 banc
1267 1189 1370 1258 ecdem)
1391 1190 1438 1245 ubi
1455 1206 1486 1245 er

347 1274 483 1330 codicibus
493 1273 529 1330 W
540 1273 565 1328 V
576 1275 653 1344 logni
667 1274 757 1342 recepi
774 1289 823 1343 pro
842 1273 1008 1343 interpolsts
1025 1275 1191 1343 reliquorum
1201 1275 1336 1344 scripturn
1348 1276 1487 1345 eloquiam

347 1360 392 1414 uel
409 1361 582 1429 colloquium,
600 1360 671 1414 hune
682 1357 789 1412 dicendi
801 1360 935 1414 rationem
947 1358 1076 1427 exemplis
1087 1358 1250 1413 destitutum
1263 1375 1321 1414 esse
1333 1360 1485 1415 erbitrstus

346 1445 424 1516 logei
434 1460 486 1501 nos
496 1444 640 1500 intendam
651 1443 757 1500 arbiter
773 1443 918 1515 legendnm
934 1442 1082 1513 proposuit
1100 1443 1130 1499 id
1141 1446 1250 1515 propter
1261 1443 1407 1500 interdum
1418 1443 1486 1499 ferri

347 1529 456 1599 neqnit;
469 1529 515 1585 sed
526 1530 557 1584 in
568 1531 617 1584 illo
629 1530 705 1599 logni
716 1535 844 1584 nostram
856 1545 910 1584 ron
923 1531 966 1582 oet
978 1527 1049 1598 quod
1061 1528 1188 1584 offendes.
1206 1530 1341 1585 liberioris
1353 1529 1486 1585 intinitiui

347 1629 409 1669 unm
430 1615 675 1684 praepositionibus
698 1614 835 1669 coniuncti
854 1615 974 1684 exemplu
991 1617 1036 1671 nel
1054 1617 1126 1686 spnd
1142 1615 1260 1685 optimos
1277 1616 1421 1685 scriptores
1433 1631 1486 1670 non

346 1697 446 1753 desunt
466 1698 533 1766 (cie.
545 1699 580 1754 de
590 1700 642 1766 fin.
660 1699 691 1754 11
705 1704 737 1754 18
750 1704 775 1764 b,
795 1700 851 1755 uid
863 1700 977 1771 Modrig
997 1718 1023 1772 p.
1037 1706 1101 1767 21⁷3
1123 1702 1212 1756 Senon
1225 1700 1260 1756 de
1271 1701 1361 1768 benef.
1373 1700 1398 1754 V
1412 1705 1445 1754 10
1457 1706 1487 1767 23

346 1783 413 1838 Hor.
423 1783 481 1838 Sat
491 1784 548 1838 11⁶
558 1787 609 1854 88).
622 1785 761 1839 inlinitino
773 1787 912 1854 tumqnnm
924 1787 1097 1841 snbstnntino
1108 1789 1201 1855 ipsam
1212 1787 1324 1841 sdditur
1334 1803 1351 1840 n
1360 1785 1487 1840 Cicerone

347 1867 399 1936 (ad
409 1869 476 1936 sam
489 1868 540 1924 XV
551 1874 568 1922 b
579 1876 612 1924 nt
622 1870 715 1938 ipsam
730 1871 810 1925 uinci
827 1873 1047 1940 conterrerem)
1065 1873 1094 1925 et
1104 1871 1168 1925 eliis
1187 1870 1252 1940 (uid.
1264 1870 1361 1924 Hensii
1373 1870 1487 1925 ednotu-

347 1953 437 2009 tiones
456 1953 492 2008 nd
509 1954 611 2025 Reisig.
632 1971 658 2024 p.
678 1958 747 2019 788).
768 1958 864 2024 pectre
886 1954 1016 2009 eiusmodi
1038 1954 1203 2012 adminicula
1223 1971 1276 2010 non
1294 1957 1392 2010 curent
1408 1956 1486 2010 uelut

347 2038 413 2093 Luc
427 2037 468 2092 Π
479 2043 531 2092 880
538 2039 664 2108 perdant
674 2039 747 2094 aelle
757 2041 837 2094 mari
855 2039 998 2095 andentior
1014 2054 1077 2094 uero
1095 2056 1176 2110 quum
1189 2040 1318 2111 Cypriani
1335 2040 1383 2110 qui
1394 2039 1424 2095 in
1435 2041 1488 2096 hac

349 2124 544 2193 scriptiuncnls
564 2127 657 2193 poetae
678 2125 797 2179 similior
817 2129 930 2195 sppsret
948 2129 992 2180 cst
1003 2125 1108 2181 Valerii
1119 2127 1230 2182 Maximi
1251 2128 1340 2182 cretio
1354 2127 1408 2181 VlI
1427 2131 1487 2181 8⁷:

262 2235 266 2248 ·
348 2208 458 2263 Fabius
468 2209 613 2265 Mammas
629 2211 710 2265 cernae
725 2226 785 2265 non
796 2212 929 2266 dimicare
941 2213 1055 2266 uincere
1064 2212 1131 2278 fait.
1143 2241 1175 2251 —
1188 2228 1214 2281 p.
1228 2216 1270 2278 6,8
1283 2211 1489 2280 (desperatione
1516 2203 1522 2212 '‘

352 2293 495 2347 mdiorum
505 2295 587 2349 malie
596 2296 663 2348 meis
674 2295 752 2349 uelat
763 2296 821 2349 iam
830 2297 956 2364 propriis
968 2303 995 2351 et
1006 2298 1168 2352 nemeacuslie
1177 2303 1203 2351 et
1210 2297 1355 2364 faustam)
1362 2303 1393 2368 'et
1404 2298 1488 2364 fane·

348 2377 499 2453 baqunod
517 2379 590 2432 solus
603 2377 636 2431 W
652 2378 736 2432 hebet
753 2380 901 2447 genuinum
919 2380 1069 2449 corruptele
1086 2381 1249 2450 reliquorum
1261 2380 1414 2447 effaaebum
1425 2396 1489 2435 con·

348 2460 450 2516 flrmsri
461 2463 605 2531 putabam
624 2480 685 2518 uum
700 2463 772 2533 quod
783 2463 814 2518 in
825 2465 849 2518 P
860 2465 965 2534 legitur
975 2465 1103 2531 faaebom
1117 2466 1261 2521 manifeste
1272 2464 1424 2520 emendatio
1437 2468 1487 2530 cet,

348 2563 398 2602 nec
409 2562 543 2615 enpreun.
561 2547 718 2617 deprenstio
735 2551 827 2603 sotem
845 2552 888 2603 est
907 2565 975 2618 quse
994 2549 1066 2619 spud
1077 2550 1259 2619 Augustinum
1278 2549 1395 2604 occurrit
1412 2551 1487 2618 affa-

349 2631 446 2688 aebam
463 2631 620 2704 eburgeno
642 2632 764 2704 probetn
790 2650 853 2688 usm
879 2633 1014 2690 efferendi
1038 2634 1150 2690 uerbum
1174 2651 1226 2690 non
1251 2651 1342 2690 rerum
1365 2636 1415 2700 est,
1440 2634 1488 2690 sed

349 2718 462 2773 nullum.
480 2722 618 2788 praeterea
631 2719 701 2774 illud
713 2727 739 2774 et
751 2719 887 2788 Cypriane
900 2723 942 2774 est
954 2720 1213 2783 familiarissimum
1231 2720 1265 2774 cl.
1278 2737 1303 2790 p.
1317 2726 1368 2785 9,9.
1382 2726 1424 2777 12.
1439 2725 1489 2786 183

351 2806 433 2866 1038.
447 2807 496 2868 203
518 2809 624 2868 193,1e;
647 2809 736 2869 194‚e;
757 2809 867 2869 noenu:
890 2810 993 2868 nume
1012 2835 1046 2845 -
1063 2807 1158 2859 contra
1178 2822 1204 2874 p.
1223 2810 1317 2869 283,Ῑῖ
1338 2806 1489 2860 auotoritas

349 2887 448 2942 codicis
464 2887 697 2959 wirceburgensis
715 2888 785 2943 mihi
803 2906 856 2945 non
874 2892 954 2944 tants
971 2889 1124 2957 nidebstur,
1143 2893 1175 2944 ut
1191 2890 1355 2960 superfluum
1374 2890 1444 2944 illud
1461 2896 1489 2946 et

349 2973 413 3027 indu
433 2975 578 3043 reciperem
599 2974 793 3043 (recipiendum
814 2991 872 3029 esse
894 2978 975 3043 putot
992 2975 1122 3043 Isnngeu),
1145 2976 1222 3029 cuins
1240 2976 1315 3044 origo
1333 2976 1488 3045 geminatae

349 3057 464 3127 proriml
485 3059 596 3129 enipslet
617 3058 738 3129 syllnbue
751 3058 829 3113 finali
840 3058 961 3114 debetur.
974 3090 1008 3099 -
1020 3058 1106 3113 simili
1117 3058 1150 3113 de
1162 3075 1243 3113 conse
1253 3076 1279 3128 p.
1293 3064 1371 3124 213‚b
1385 3062 1488 3116 etium

349 3142 421 3212 qnod
443 3147 504 3213 post
524 3145 679 3199 ecclesiam
698 3144 891 3213 Seguieriunus
909 3144 1015 3198 omittit
1040 3145 1103 3213 (quo
1123 3144 1278 3199 mendorum
1299 3159 1396 3214 genere
1416 3145 1489 3199 nihil

350 3228 381 3282 in
397 3243 429 3282 eo
445 3226 621 3298 frequentius,
641 3228 675 3283 el
693 3245 719 3298 p.
735 3227 787 3298 VI)
807 3229 909 3283 retinui
927 3232 955 3282 et
972 3230 1066 3283 contre
1081 3227 1203 3299 Lungeni
1223 3229 1387 3284 sententium
1404 3231 1489 3285 etium

350 3332 422 3370 nunc
438 3316 608 3372 retinendum
625 3332 684 3371 esse
701 3332 801 3371 censeo.
814 3347 847 3356 —
860 3317 933 3371 idem
945 3333 971 3386 p.
984 3322 1079 3381 21138
1097 3318 1189 3386 (seelset
1205 3318 1347 3372 miniotros
1363 3319 1490 3373 institiae

350 3399 510 3456 adserentes
520 3407 627 3457 noctem
632 3417 688 3471 pro
697 3401 751 3470 die,
763 3402 910 3456 interitum
918 3418 974 3470 pro
981 3402 1081 3470 salam,
1091 3402 1309 3471 desperationem
1317 3401 1369 3456 sab
1377 3402 1491 3458 obtenta
1543 3429 1545 3433 ·

350 3488 422 3556 spei)
440 3487 599 3542 adserentes
610 3486 640 3541 in
651 3487 811 3555 adserentes
828 3488 957 3541 mutauit.
976 3503 1067 3541 uereor
1079 3504 1113 3542 ne
1124 3486 1235 3541 cundem
1247 3486 1390 3542 medellam
1402 3488 1490 3541 omni·

350 3571 401 3626 bns
420 3571 487 3626 locis
508 3572 635 3627 adhibere
656 3571 806 3627 addubitet.
828 3573 958 3627 adserere
975 3572 1049 3626 enim
1065 3588 1113 3641 pro
1126 3571 1270 3640 affirmem
1281 3573 1327 3627 nel
1339 3571 1490 3638 defendere

350 3657 422 3727 spnd
433 3657 598 3727 cyprianum
611 3658 766 3728 saepissime
778 3658 895 3713 occurrit
907 3675 932 3727 p.
947 3662 1038 3723 88⁷‚63
1051 3663 1159 3724 50⁷‚1e3
1172 3663 1262 3724 eoe‚1;
1276 3662 1491 3723 eou‚11;e'11,8;

351 3746 442 3806 888.7;
464 3747 558 3809 lidii
580 3746 631 3798 etc.
653 3743 719 3810 (nid.
742 3742 869 3812 iudicem)
891 3772 923 3783 -
944 3760 970 3812 p.
983 3748 1060 3807 8888
1082 3745 1285 3812 (adimplentur
1304 3760 1491 3814 qaaememgne

346 3827 497 3897 praedicta
515 3835 582 3884 ment
593 3836 620 3884 et
631 3829 878 3898 adpropinquante
898 3830 956 3883 iam
975 3829 1080 3883 saeculi
1099 3829 1156 3896 fine
1176 3830 1318 3884 boninum
1334 3830 1446 3898 pariter
1457 3845 1491 3885 ac

350 3921 503 3983 temporam
518 3916 680 3984 probatione
694 3917 847 3984 aenerumt)
864 3915 1005 3969 lenissime
1015 3914 1136 3983 Iaugeui
1148 3916 1301 3970 coniectura
1313 3917 1356 3968 eet
1366 3915 1396 3968 in
1408 3930 1492 3983 quum

352 3998 410 4069 ipse
429 3999 575 4055 inciderem
595 4006 752 4055 eucnemmt
772 4016 820 4069 pro
836 4006 978 4055 uenerunt
999 4000 1149 4065 scribentis,
1171 4002 1217 4054 sed
1230 3999 1346 4054 inutilis.
1367 3999 1492 4054 eicenim

351 4084 473 4155 loquitur
484 4084 647 4157 Cyprianus:
667 4102 693 4156 p.
708 4091 785 4151 2883
802 4087 859 4141 nisi
869 4088 896 4140 ei
907 4087 973 4140 baec
985 4085 1036 4140 deo
1046 4086 1194 4155 ignorante
1205 4091 1281 4156 gesta
1292 4090 1360 4140 erent
1372 4090 1424 4138 aut
1434 4100 1492 4139 non

346 4171 526 4238 permittente
544 4173 605 4240 ipro
626 4172 719 4226 omnia
737 4171 794 4226 iera
813 4176 965 4238 uenerunt,
983 4174 1079 4234 36480
1096 4170 1230 4240 quicquid
1243 4209 1266 4225 ..
1278 4213 1284 4226 .
1296 4170 1409 4226 memtml
1422 4169 1493 4239 pari

350 4259 425 4309 torte
433 4256 634 4325 perpetiamur.
