3720 4920
555 420 600 475 De
617 419 752 488 duplici
770 419 935 490 martyrio
954 435 976 474 c.
995 419 1090 474 8-10.
1323 420 1386 486 227

249 595 305 654 que
323 579 412 639 etiarn
428 579 575 639 incaelis:
591 578 633 636 ita
648 579 844 638 testimonium
860 578 940 636 illius
956 578 1162 653 quodammodo
1177 581 1389 638 consummatur

250 681 416 741 testimonio
433 685 606 752 sanctorum,
624 682 705 754 quasi
721 683 761 740 sit
776 698 833 739 ona
848 682 944 754 passio
961 680 1076 739 Domini
1091 683 1120 739 et
1135 697 1291 739 seruorum.
1307 680 1337 738 id
1352 697 1387 739 ne

250 783 316 857 quis
331 784 480 843 existimet
495 800 597 856 parum
614 783 748 858 religiose
764 784 891 850 dictum,
918 782 1022 841 beatus
1037 782 1145 840 Paulus
1166 781 1249 842 nobis
1264 783 1387 855 patroci-

251 888 338 945 natur
353 887 396 945 ita
412 886 541 946 scribens
559 887 595 944 ad
612 886 811 946 colossenses:
834 885 893 959 qui
910 903 1002 944 nunc
1024 885 1164 960 gaudeo
1188 887 1223 942 in
1245 886 1388 958 passio-

229 987 583 1062 snibusprouobis,
614 988 1009 1061 etadimpleoeaquae
1032 987 1387 1059 desuntpassionnm

250 1089 394 1151 Christi
409 1091 446 1149 in
461 1107 568 1150 earne
584 1106 903 1165 meaprocorpore
919 1089 1009 1162 eins,
1033 1090 1128 1162 qnod
1145 1089 1387 1149 estecclesia.

251 1193 318 1266 quis
333 1194 410 1252 enim
426 1194 528 1264 nescit,
545 1194 659 1264 iratres,
686 1211 771 1267 quam
787 1194 902 1251 uberem
930 1195 1102 1265 prouentum
1128 1192 1228 1250 eliudit
1252 1192 1390 1251 ecclesiae

251 1312 345 1370 seges,
374 1296 569 1370 apostolerum
592 1314 626 1356 ae
651 1297 808 1355 ceterorum
824 1298 982 1368 martyrum
999 1294 1140 1367 sanguine
1166 1294 1307 1369 irrigata?
1335 1311 1390 1369 quo

251 1397 318 1470 plus
333 1398 483 1471 sanguinis
498 1400 619 1457 eilusunr
632 1400 686 1468 est,
701 1398 755 1456 hoc
770 1398 862 1470 magis
877 1396 1003 1455 effloruit
1016 1397 1170 1455 multitudo
1185 1396 1322 1468 fidelium,
1335 1398 1389 1456 hoc

217 1496 343 1557 solatius
358 1500 467 1571 sparsit
482 1517 549 1558 suas
564 1499 736 1573 propagines
752 1500 803 1557 illa
818 1499 904 1557 beata
920 1499 989 1556 uitis
1004 1517 1023 1556 a
1035 1497 1152 1556 Christo
1167 1499 1257 1572 stirpe
1268 1515 1390 1572 surgens

250 1601 280 1659 ct
294 1617 437 1673 occupans
453 1602 548 1661 orbem
572 1600 736 1661 uniuersum
763 1617 940 1675 quacumque
956 1603 1039 1674 patet
1065 1602 1102 1660 ab
1128 1600 1237 1660 oriente
1265 1603 1301 1660 ed
1316 1601 1391 1660 occi·

251 1702 377 1774 dentem,
394 1703 431 1760 ab
447 1702 579 1776 aquilone
595 1720 685 1776 usque
700 1703 737 1761 ad
753 1707 892 1761 anstrum.

294 1806 385 1875 llcce,
411 1805 518 1864 iratres
544 1804 741 1874 dilectissimi,
768 1822 786 1862 a
811 1804 927 1862 Domini
942 1804 1113 1864 redemtoris
1128 1804 1306 1878 temporibus
1321 1804 1389 1863 anni
1402 1802 1442 1859 10

255 1906 399 1966 linxerunt
413 1908 479 1980 plns
493 1895 587 1966 minus
601 1906 715 1966 dumeti
728 1906 935 1979 quadraginta,
952 1907 1066 1980 iamque
1080 1905 1168 1965 huius
1179 1905 1249 1965 uitis
1256 1906 1389 1979 palmites

218 2024 243 2061 ιι
254 2025 344 2082 paene
360 2008 449 2066 latins
465 2025 496 2067 ee
512 2011 680 2082 sparserunt
708 2025 792 2080 qrram
808 2008 967 2066 Romanum
983 2007 1150 2081 imperium,
1176 2007 1277 2068 elieras
1303 2008 1391 2067 etiam

254 2111 386 2169 nationes
402 2117 497 2169 musto
525 2111 648 2182 spiritus
664 2109 841 2168 inebriantes
869 2113 899 2167 et
927 2127 999 2183 quoa
1024 2110 1106 2169 nulle
1132 2110 1200 2169 ferri
1217 2111 1263 2169 nis
1277 2112 1391 2171 domare

253 2212 357 2285 potnit,
374 2212 484 2271 emollit
500 2211 619 2285 sanguis
634 2211 712 2270 illius
727 2211 795 2284 agni
810 2211 935 2271 candidi.
962 2213 1012 2285 qui
1038 2216 1159 2272 naturae
1181 2230 1284 2271 causas
1310 2231 1391 2271 scru-

254 2315 365 2383 tentur,
392 2317 511 2372 narrant
527 2314 707 2372 adamantem
724 2313 819 2371 nullae
835 2314 966 2387 chalybis
989 2314 1106 2373 duritiei
1120 2316 1266 2374 cedentem
1282 2315 1392 2374 lrircino

255 2416 396 2489 sanguine
411 2419 586 2475 maceratum
603 2416 662 2474 ictu
677 2416 845 2474 malleorum
861 2415 1002 2473 dissilire:
1030 2416 1128 2474 nullus
1155 2421 1250 2475 autem
1277 2419 1393 2475 adamae

217 2519 338 2576 aecorde
354 2534 439 2577 saxeo
455 2520 634 2590 peccatorum
650 2518 757 2576 durior.
784 2519 836 2576 hoc
864 2517 954 2589 igitur
969 2534 1017 2576 cor
1043 2518 1177 2590 ierrenm,
1200 2537 1248 2578 cor
1264 2535 1390 2589 sarcum,

252 2634 302 2676 cor
313 2618 379 2690 plus
391 2635 476 2691 quum
488 2619 702 2676 adamantinum
714 2619 824 2676 emollit
835 2618 954 2690 sanguis
966 2619 1074 2677 curisti
1086 2622 1116 2678 et
1127 2620 1213 2677 huius
1225 2623 1392 2694 martyrum,

254 2718 304 2791 qui
322 2720 494 2792 supplerunt
509 2721 585 2792 qnod
601 2720 680 2777 illius
694 2719 876 2792 passionibus
892 2721 999 2778 deerat.
1016 2722 1070 2780 hoc
1085 2725 1252 2792 argumento
1267 2737 1393 2778 summus

255 2820 306 2878 ille
322 2825 424 2893 pastor
440 2826 469 2880 et
483 2825 515 2879 ut
530 2823 634 2881 Petrus
657 2823 699 2879 ait
714 2821 847 2894 princeps
862 2825 1009 2895 pastorum
1031 2822 1206 2881 testificatus
1225 2827 1271 2882 est
1285 2839 1316 2880 se
1331 2839 1393 2881 esse

255 2925 400 2994 pastorem
416 2925 536 2994 bonurn,
564 2925 632 2997 qnia
647 2925 770 2981 enimam
786 2940 867 2981 seram
892 2925 989 2996 posuit
1004 2941 1056 2996 pro
1071 2924 1182 2995 ouibus,
1202 2925 1284 2983 nobis
1299 2941 1394 2983 exem·

221 3045 246 3083 rs
256 3025 335 3099 plum
350 3027 507 3099 praebens,
536 3030 568 3083 et
583 3027 633 3100 qui
660 3043 710 3098 pro
737 3028 835 3085 nostra
850 3024 1051 3098 qualicumque
1073 3026 1206 3098 portione
1221 3027 1299 3084 rores
1315 3025 1394 3084 illins

255 3128 399 3200 gerimus,
416 3128 510 3200 parati
527 3127 617 3186 einins
630 3130 660 3186 et
675 3127 731 3200 ipsi
747 3145 798 3201 pro
821 3144 908 3200 grego
924 3127 1066 3187 dominico
1081 3128 1248 3200 sangninem
1265 3128 1393 3198 fundere,

255 3229 314 3288 nisi
329 3229 472 3289 malumus
488 3230 578 3288 uideri
602 3229 770 3289 mercenarii
793 3247 878 3303 quam
903 3232 1044 3302 pastores.
1072 3230 1182 3290 domini
1204 3230 1300 3290 uerbis
1325 3247 1393 3290 con-

255 3336 366 3404 gruunt
381 3332 469 3391 uerba
484 3333 627 3405 discipuli.
649 3351 713 3391 cum
730 3331 804 3390 eninr
821 3331 944 3390 dixisset
957 3349 987 3391 se
1003 3331 1128 3405 gaudere
1151 3333 1181 3390 in
1202 3332 1394 3406 passionibus,

256 3433 361 3504 quibus
376 3438 588 3492 consummaret
605 3433 753 3506 passiones
768 3433 889 3524 Quieti,
905 3433 1070 3506 perpetiens
1084 3436 1115 3493 et
1137 3434 1199 3508 ipse
1213 3451 1264 3506 pro
1279 3450 1395 3507 corpore

223 3552 248 3589 re
258 3534 377 3606 christi,
394 3538 470 3607 quod
486 3541 531 3595 est
547 3537 678 3606 eeclesia,
695 3536 792 3608 qualia
807 3551 910 3608 passus
926 3539 988 3594 erat
995 3535 1144 3606 Dominus,
1161 3552 1276 3595 eausam
1291 3536 1396 3595 adiecit

258 3637 665 3711 cerealibenterpateretnr.
696 3639 817 3708 euius,
850 3638 955 3711 inquit,
985 3637 1110 3697 iactus
1140 3654 1205 3711 ego
1234 3655 1309 3698 sum
1335 3638 1395 3696 mi·

257 3738 383 3799 nister
413 3743 611 3799 secundum
645 3741 962 3814 dispensationem
988 3740 1070 3809 Dei,
1101 3756 1192 3812 quae
1221 3741 1306 3799 data
1341 3743 1397 3798 est

258 3840 348 3901 mibi
379 3841 415 3900 in
446 3843 569 3914 uobis,
596 3846 634 3901 ut
663 3843 835 3916 impleam
866 3843 1015 3901 uerbum
1039 3843 1112 3901 Dei.
1145 3842 1251 3901 etalio
1273 3842 1394 3916 quedam

258 3943 288 4000 in
303 3944 367 4003 loco
383 3946 484 4013 scribit
496 3962 527 4003 se
539 3946 694 4020 replenisse
712 3943 903 4018 euangelium.
921 3945 997 4003 sicut
1008 3961 1077 4018 ergo
1088 3944 1228 4004 mortibus
1240 3948 1396 4019 martyrum

225 4067 249 4104 :e
259 4051 492 4107 consummantur
508 4049 656 4121 passiones
671 4047 789 4118 Christi,
806 4048 847 4105 ita
862 4048 1002 4121 sanguine
1025 4053 1170 4121 pastorum
1193 4047 1398 4105 confirmantur

329 4299 347 4353 4
365 4301 422 4356 Col.
442 4303 467 4364 l,
484 4301 528 4355 24.
634 4303 667 4355 31
687 4301 744 4362 Col.
765 4301 789 4364 l,
807 4301 849 4353 ‘dir
