3720 4920
630 362 677 415 Do
694 360 825 435 Pascha
843 364 1022 430 computus
1041 376 1063 413 ο.
1083 361 1159 414 1-5.
1397 362 1460 427 251

323 525 386 583 tus
418 521 485 582 Dei
518 520 830 597 superferebatur
863 537 972 596 super
1009 537 1133 595 aquas.
1157 523 1192 580 et
1220 519 1321 579 dixit
1349 519 1460 578 Deus:

323 624 397 683 fiat
424 624 502 684 iux.
537 626 573 683 et
603 623 705 683 faeta
726 628 783 684 est
811 626 880 684 lux.
920 628 955 683 et
987 624 1085 684 uidit
1116 624 1211 683 Deus
1234 622 1353 682 lnoem
1376 623 1462 697 quia

322 726 418 786 bona
448 727 513 786 est.
549 728 585 784 et
613 724 749 785 diuisit
771 725 867 786 Deus
900 727 1001 785 inter
1033 727 1152 785 lucem
1182 730 1218 785 et
1239 726 1341 785 inter
1362 728 1461 783 tene·

322 829 418 888 bras.
442 832 478 886 et
498 827 655 886 nooauit
678 827 775 887 Deus
797 828 912 887 lucem
934 829 1028 887 diem
1050 831 1088 887 et
1110 828 1288 887 tenebras
1310 828 1462 886 nouauit

303 931 477 994 snootem.
513 931 551 988 et
572 927 675 989 faeta
696 931 754 989 eet
775 946 934 1003 uespera
957 932 993 990 ot
1015 929 1154 989 ieotum
1178 932 1235 989 est
1256 946 1358 989 mane
1381 928 1461 989 dies

322 1049 425 1091 unus.
448 1030 599 1091 referendo
625 1030 716 1104 igitur
739 1033 770 1091 et
790 1030 962 1092 insinuando
990 1032 1075 1093 nobis
1090 1035 1191 1092 saneta
1206 1033 1351 1105 scriptura
1365 1032 1459 1105 ipsum

322 1134 476 1194 Dominum
492 1133 627 1194 diuisisse
644 1134 720 1194 inter
734 1134 826 1194 luoem
842 1138 872 1193 et
888 1135 1034 1205 tenebras,
1060 1134 1090 1193 id
1106 1137 1152 1194 est
1166 1135 1242 1194 inter
1257 1134 1332 1194 diem
1347 1136 1378 1192 ot
1392 1150 1460 1193 noo·

322 1237 383 1295 tem
410 1236 559 1296 euidenter
585 1235 712 1295 ostendit
738 1237 814 1294 buno
840 1253 902 1297 esse
927 1236 1052 1310 primum
1075 1235 1149 1295 diem
1172 1239 1203 1296 et
1217 1240 1384 1310 sequentem
1399 1237 1463 1294 oius

322 1342 447 1411 nootem,
474 1339 551 1398 inter
577 1355 649 1412 quos
676 1339 801 1399 omnium
828 1341 931 1400 artifex
959 1340 1121 1414 aequaliter
1147 1341 1200 1401 hoc
1221 1342 1266 1399 est
1280 1339 1460 1413 irreprehen-

290 1464 316 1504 ιο
324 1441 450 1501 sibilioer
466 1441 575 1500 diuIsit.

365 1543 420 1613 Qui
447 1560 525 1602 nuno
550 1544 798 1617 comprehenditur
824 1560 886 1603 esse
901 1543 976 1603 VIII
992 1544 1031 1603 kl.
1048 1545 1189 1616 April.,a
1210 1560 1266 1617 qno
1281 1544 1327 1603 die
1342 1537 1490 1617 compa-4

322 1646 418 1703 tentes
445 1643 538 1717 aliqui
553 1661 589 1703 ex
611 1644 695 1704 nobis
717 1645 767 1719 qui
781 1646 893 1719 priores
920 1645 1074 1706 uoluerunt
1101 1647 1178 1705 huno
1204 1662 1330 1704 mensem
1355 1661 1460 1703 nouum

322 1748 472 1806 ostendere
488 1750 518 1806 et
533 1748 596 1820 ipso
611 1747 699 1806 XIIII
713 1747 784 1809 luna
798 1748 917 1808 inuenta
941 1748 1004 1807 (lies
1021 1748 1152 1808 Paschae
1168 1747 1324 1807 seeundum
1339 1746 1460 1805 Iudaeos

321 1849 536 1920 demonstrare,
559 1849 694 1908 dixerunt
717 1849 836 1909 eundem
860 1866 987 1909 mensem
1008 1850 1045 1908 ab
1066 1849 1105 1908 id.
1128 1848 1228 1908 Martii
1243 1849 1370 1920 incipere
1385 1851 1415 1906 et
1430 1849 1461 1906 in

288 1947 399 2011 rediem
415 1949 456 2009 id.
479 1949 574 2025 April,
598 1967 805 2023 consummare,
834 1952 863 2010 et
884 1951 928 2010 sio
951 1950 1141 2026 impegerunt.
1165 1966 1198 2008 ao
1212 1952 1366 2023 propterea
1381 1947 1460 2022 ipsos

322 2050 384 2110 dies
404 2050 483 2108 XXX
498 2052 630 2124 quamuis
645 2056 722 2112 reote
743 2052 897 2111 diuiserint
911 2053 942 2110 in
958 2053 998 2110 XI
1013 2055 1043 2111 et
1059 2051 1185 2122 XVIIII,
1201 2050 1333 2111 undecim
1348 2049 1461 2132 seilicet

320 2151 352 2210 in
372 2152 515 2212 communi
536 2170 611 2212 anno
637 2158 792 2215 retrorsum
819 2156 1016 2227 computantes
1037 2156 1068 2214 et
1089 2154 1126 2213 ad
1153 2153 1217 2212 idus
1232 2153 1332 2212 Martii
1354 2169 1457 2226 perue-

320 2254 443 2334 nientes,
465 2256 562 2316 desem
577 2257 608 2314 et
622 2272 725 2316 nonem
739 2257 771 2316 in
784 2258 908 2329 priorem
924 2255 1005 2315 illum
1021 2273 1127 2315 annum
1143 2273 1198 2330 quo
1214 2256 1398 2315 embolismus
1413 2255 1459 2313 in-

320 2357 412 2416 eurrit
440 2357 630 2416 immittentes
657 2360 687 2416 et
715 2375 805 2431 usque
829 2360 866 2418 ad
896 2360 962 2419 idus
988 2359 1082 2431 April.
1117 2358 1318 2419 deuenientes:
1354 2357 1384 2415 in
1406 2358 1461 2416 boo

286 2460 505 2530 roerrauerunt,
528 2461 561 2518 ut
582 2458 658 2531 dixi,
680 2477 743 2519 cum
764 2475 830 2518 uere
852 2460 975 2532 primum
1001 2459 1078 2519 diem
1104 2460 1170 2519 noui
1198 2457 1306 2517 mensis
1332 2474 1459 2531 eompre-

322 2561 448 2620 bendere
472 2577 528 2619 non
553 2563 718 2634 potuerunt.
753 2578 825 2635 quae
851 2579 897 2621 res
924 2562 966 2621 sio
992 2562 1075 2623 modo
1103 2578 1170 2621 uere
1196 2562 1312 2621 ostensa
1340 2560 1458 2620 demon-

322 2663 476 2733 strabitur,
493 2679 558 2722 oum
580 2663 610 2722 in
631 2663 694 2737 ipso
719 2663 819 2736 pinaoe
834 2681 852 2723 a
867 2663 950 2724 nobis
965 2662 1123 2737 composIto
1137 2660 1236 2722 nullus
1249 2678 1342 2721 annus
1356 2661 1459 2721 fallere

321 2764 495 2824 inuenietur.

364 2865 502 2928 Veientes
524 2866 616 2943 igitur
636 2870 714 2930 buno
734 2884 861 2928 mensem
876 2884 944 2927 uero
959 2868 1120 2939 ostendere,
1139 2866 1215 2925 unde
1232 2864 1352 2940 inoipiat
1366 2867 1396 2924 et
1411 2860 1492 2923 ubib

286 2969 420 3042 esiiniat,
447 2974 627 3030 reuertamur
651 2975 688 3031 ad
704 2971 852 3041 Genesim,
879 2987 952 3043 quae
975 2970 1077 3030 retulit
1102 2969 1185 3029 nobie
1200 2969 1295 3041 ipsum
1310 2966 1460 3025 DomInum

321 3070 457 3131 dinIsIsee
479 3070 556 3131 iuter
576 3072 699 3146 primum
720 3072 795 3133 diem
812 3074 840 3131 et
855 3071 977 3147 primam
993 3073 1114 3131 noctem.
1137 3071 1214 3129 unde
1229 3069 1459 3143 reoognosoimus

321 3177 351 3232 et
373 3175 448 3232 inter
475 3177 632 3234 seeundum
652 3178 683 3234 et
703 3176 779 3234 inter
805 3174 922 3234 tortium
945 3174 1019 3233 diem
1035 3175 1065 3233 et
1086 3174 1200 3232 nootem
1214 3172 1355 3231 nemiuem
1370 3170 1458 3230 alium

392 3389 559 3455 laqnamo
684 3388 747 3441 3et
764 3389 845 3458 inter]
864 3391 924 3443 eto
1045 3388 1200 3443 mierum
1217 3387 1327 3443 uooanit
1344 3402 1427 3443 οπο

321 3471 462 3525 biaoturn
480 3475 523 3526 est
540 3489 685 3543 uesperee
763 3473 997 3529 breferendumo
1072 3474 1160 3542 igitur
1176 3488 1261 3530 οπο
1356 3473 1462 3526 Iiuter

322 3556 483 3613 tenebrasb
594 3559 823 3613 Sostendimueb
936 3563 1063 3628 sequente
1080 3560 1138 3615 eius
1156 3563 1266 3616 nooteo
1371 3559 1462 3613 9οω-

321 3643 407 3712 nium]
428 3645 506 3698 noete
524 3643 596 3699 inter
615 3660 681 3714 qnos
700 3644 819 3699 omnium
839 3644 882 3700 die
899 3647 998 3701 inserit
1016 3661 1031 3702 ο
1183 3647 1216 3700 11
1235 3646 1282 3714 qni
1300 3660 1371 3700 nuno
1389 3646 1413 3710 b,
1432 3647 1460 3699 in

321 3727 393 3782 buno
411 3745 434 3794 c,
453 3729 477 3783 ie
495 3746 566 3785 nuno
587 3733 612 3785 6¹
716 3730 795 3800 VIII]
813 3732 885 3787 XIo
988 3735 1150 3802 putantesc
1243 3733 1278 3786 12
1295 3732 1427 3801 prioriec

322 3813 356 3866 13
374 3815 420 3866 et.
433 3815 649 3871 ..demonstrare
666 3833 718 3872 οπ
737 3833 751 3872 ο
861 3818 894 3870 14
910 3816 1037 3881 ‚dixerunt
1055 3818 1128 3872 enim
1146 3833 1161 3873 ο
1269 3815 1330 3871 idne
1348 3817 1372 3881 b,
1391 3815 1461 3870 VIII

322 3897 359 3952 id.
379 3914 394 3953 ο
544 3902 573 3955 in
591 3900 635 3956 die
652 3918 715 3956 non.
734 3903 814 3972 april.
833 3919 848 3958 ο
997 3904 1031 3957 15
1049 3906 1079 3958 et
1096 3904 1135 3959 eIe
1153 3904 1326 3973 impegerunt
1342 3919 1393 3958 οπ
1411 3917 1426 3955 ο

322 3984 362 4053 ao]
380 3985 432 4038 bae
450 4002 465 4040 e
637 3988 671 4042 16
688 3987 780 4042 XXIX
798 4006 820 4055 c,
839 3987 915 4041 XXX
933 4004 993 4057 geu.
1011 3990 1028 4043 b
1202 3989 1409 4058 quamuis...t
1426 3992 1462 4042 25

321 4068 369 4123 ubi
387 4069 468 4124 finiat
485 4087 569 4128 οπο
697 4073 726 4128 in
743 4073 784 4128 XI
802 4076 830 4127 et
848 4072 873 4127 X
891 4076 918 4128 et
936 4073 1010 4130 IXb
1134 4074 1238 4131 scilicet
1256 4076 1284 4130 in
1306 4075 1352 4144 W,
1371 4075 1461 4129 eoinnt

322 4159 351 4208 et
368 4156 432 4210 inb
501 4159 537 4211 25
554 4158 634 4213 deum
651 4159 812 4215 dimidiesec
891 4159 925 4214 27
939 4162 1065 4230 primum
1083 4165 1111 4216 et
1128 4178 1213 4220 οπο
1284 4162 1402 4218 alterum
1419 4161 1461 4215 in-

321 4243 364 4293 ter
381 4258 467 4296 οπο
