3720 4920
371 336 412 402 10
848 335 1033 404 appennis

370 508 433 552 cnm
457 491 583 551 hominis
605 508 710 553 canora
730 508 800 552 uoce
820 493 997 553 commodans
1011 491 1116 567 spiritu
1132 509 1184 551 sno
1200 507 1285 565 quem
1301 491 1335 550 de
1350 488 1509 550 niscanbns

370 593 432 653 suis
447 593 642 668 sincerioribus
659 593 756 654 nitens
769 594 906 654 hauserat
920 593 1056 653 tibiarum
1069 592 1210 653 foramina
1230 594 1412 654 modulatur:
1433 608 1508 652 nnnc

370 696 460 756 effuso
486 700 516 756 at
541 714 619 756 nnnc
644 695 723 756 intus
749 697 860 756 recluso
886 714 920 756 ac
945 713 1074 770 represso
1097 713 1173 755 nnnc
1202 695 1289 756 certis
1317 695 1506 755 foraminibus

370 799 476 859 emisso
501 801 588 873 atque
613 800 644 858 in
670 814 765 858 aerem
790 798 916 873 profuso,
938 798 1007 857 itam
1027 800 1058 857 in
1078 799 1215 859 articulos
1237 815 1338 858 sonum
1359 796 1506 870 frangens,

369 900 449 976 loqui
463 900 566 976 digitis
581 901 722 975 elaborat,
739 900 870 976 ingratus
885 900 988 960 artifici
1003 900 1053 975 qni
1067 900 1195 974 linguam
1212 900 1300 959 dedit.
1323 898 1393 972 quid
1407 897 1533 972 loquare

371 1002 493 1062 comicas
518 1002 639 1062 inutiles
665 1019 762 1075 curas,
789 1000 859 1076 quid
885 1003 951 1061 illas
972 1018 1091 1076 magnae
1116 1001 1244 1075 tragicae
1270 1000 1350 1060 uocis
1371 997 1508 1071 manns,

370 1104 438 1177 qnid
464 1121 568 1163 neruos
599 1122 664 1180 cum
690 1105 814 1164 clamore
842 1104 1027 1163 commissos?
1060 1104 1132 1162 baec
1163 1103 1251 1163 etiam
1276 1103 1302 1162 si
1327 1120 1385 1161 non
1411 1101 1509 1160 assant

371 1204 531 1266 simulacris
553 1204 659 1277 dicata,
682 1205 814 1265 obeunda
828 1207 924 1264 tamen
940 1207 971 1263 et
988 1205 1144 1279 spectanda
1158 1222 1215 1264 uon
1231 1206 1327 1263 assant
1342 1200 1508 1263 christianis

369 1305 517 1367 fidelibus:
543 1306 678 1380 quoniam
700 1307 758 1366 etei
772 1324 829 1367 non
844 1307 989 1366 habebant
1001 1305 1118 1379 crimem
1140 1307 1247 1365 habent
1262 1305 1293 1365 in
1309 1323 1340 1365 se
1355 1305 1508 1363 maximam

369 1409 400 1466 et
414 1424 515 1482 parum
530 1409 735 1483 congruentem
750 1408 883 1468 fidelibus
898 1407 1064 1468 uanitatem.
1513 1425 1540 1468 ro

346 1517 367 1577 8
411 1509 486 1569 Nam
502 1510 554 1569 illa
569 1510 662 1569 altera
676 1509 852 1583 reliquorum
866 1508 1010 1570 elementia
1028 1512 1074 1568 ast
1089 1509 1246 1569 manifesta
1266 1508 1368 1569 otiosis
1381 1506 1506 1567 bomini·

273 1622 278 1632 “
366 1612 421 1672 bus
445 1612 620 1686 negotiatio:
646 1611 678 1669 in
703 1610 837 1670 iniuriam
865 1628 946 1671 suem
971 1611 1134 1685 pinguescit
1159 1610 1190 1668 in
1216 1611 1319 1684 sagina
1344 1625 1448 1682 corpus
1461 1607 1507 1683 [nt

366 1711 511 1772 robustius
532 1714 584 1770 ant
603 1712 692 1771 feriat
711 1715 763 1772 aut
780 1712 909 1785 napnlat,
931 1714 962 1770 et
980 1712 1072 1785 pmma
1091 1708 1216 1771 uictoria
1230 1714 1275 1772 ast
1288 1713 1367 1770 ultra
1380 1712 1506 1784 modum,

366 1812 484 1872 humani
497 1812 610 1873 uentris
625 1813 736 1872 osumre
747 1814 887 1886 potuisse,
903 1829 988 1886 super
1002 1812 1087 1872 titulo
1102 1830 1224 1873 coronae
1239 1814 1335 1872 macic
1346 1812 1506 1887 flagitiosae

366 1915 523 1973 nundinae:
547 1914 655 1974 ictibus
670 1914 771 1974 infelix
785 1913 875 1973 facies
889 1915 1010 1985 locatur,
1024 1917 1057 1973 nt
1072 1913 1215 1974 infelicior
1228 1917 1330 1974 uenter
1345 1914 1543 1988 saginetur.1s

368 2031 454 2088 qnam
479 2014 565 2074 foeda
590 2018 740 2088 praeterea
764 2014 829 2089 ipsa
854 2015 1025 2087 luctamina,
1050 2016 1097 2074 uir
1117 2015 1193 2075 infra
1213 2017 1306 2075 uirum
1326 2015 1423 2075 iacens
1442 2034 1505 2076 sm·

368 2117 502 2189 plexibus
518 2117 680 2176 inhonestis
694 2120 723 2176 at
738 2116 859 2175 nexibus
874 2115 1046 2191 implicatur.
1069 2118 1098 2174 in
1115 2115 1169 2175 tali
1184 2117 1339 2176 certamine
1362 2121 1439 2177 stara
1454 2148 1470 2182 a

369 2217 476 2277 uiderit
491 2217 556 2292 quis
572 2217 680 2291 uincat,
695 2219 787 2291 pudor
801 2218 896 2278 uictus
911 2220 964 2277 est.
987 2234 1051 2278 acce
1066 2218 1122 2277 tibi
1137 2218 1213 2278 altar
1228 2220 1322 2278 nudus
1336 2219 1414 2292 salit,
1430 2219 1505 2282 alter

367 2319 465 2378 orbem
491 2335 612 2378 aeneum
638 2319 783 2378 contentis
806 2319 836 2377 in
865 2334 960 2379 aeram
981 2319 1092 2378 uiribus
1113 2319 1213 2380 iactat
1245 2321 1317 2378 haec
1343 2320 1506 2393 gloriaest

436 2657 499 2715 lde
517 2643 601 2728 spis
653 2659 741 2713 2auis
760 2674 810 2713 ora.
823 2660 849 2713 Ζ
900 2658 1099 2729 superiorisra,
1117 2661 1146 2713 in
1165 2660 1300 2728 mperions
1318 2662 1433 2731 corporis
1446 2661 1505 2731 ng

364 2743 543 2799 feraminibus
556 2744 598 2798 Za
712 2745 869 2798 modulante
881 2747 909 2797 et
920 2760 944 2809 r,
963 2744 1132 2798 modulanter
1144 2760 1222 2812 urs.
1235 2745 1252 2798 t.
1368 2763 1440 2802 nunc
1462 2763 1506 2802 cm

364 2830 410 2898 Ζμ
516 2829 656 2884 3inelneo
674 2831 707 2894 Z,
727 2830 867 2884 occlusae
935 2845 966 2883 ao
984 2845 1102 2899 represso
1121 2845 1191 2883 nunc
1208 2846 1253 2899 τμ,
1271 2833 1353 2899 atque
1369 2833 1399 2885 in
1416 2848 1504 2887 aeram

362 2930 412 2982 pro
429 2915 471 2969 Za
559 2914 649 2983 cartis]
668 2914 783 2968 tortior
876 2915 1036 2967 foraminum
1054 2915 1188 2967 meatibus
1206 2916 1249 2969 Za
1339 2915 1456 2984 4atqne
1472 2917 1503 2971 in

363 3014 451 3053 aerem
469 2997 576 3067 profuso
594 3001 661 3053 itam
678 3014 724 3068 ra,
742 3015 814 3054 nune
832 2998 861 3052 in
880 3000 921 3054 Za
1022 2998 1138 3053 arficulo
1156 3000 1201 3069 Ζμ
1306 3015 1386 3054 sonus
1402 3017 1439 3070 νμ

364 3085 511 3139 tcomicss
529 3087 599 3148 at-a,
617 3083 650 3138 da
668 3084 778 3138 comicis
796 3085 822 3138 Z
903 3085 1003 3139 traicaa
1018 3100 1056 3152 νμ
1141 3083 1273 3138 'lmissos
1289 3099 1326 3154 νμ
1406 3086 1503 3142 8sim.

363 3167 464 3239 dicata]
483 3170 650 3224 simulatoris
668 3157 718 3223 dea
735 3171 763 3223 Ζ
861 3169 980 3224 obeunds
996 3185 1041 3247 ru,
1060 3168 1181 3223 mannua
1199 3170 1241 3224 Zo
1344 3170 1503 3226 efidebbus

364 3271 419 3311 non
433 3256 548 3309 erantZ
616 3254 778 3309 baberenta
846 3256 1027 3309 etmaximam
1040 3271 1090 3325 ra5
1107 3256 1173 3321 sort.
1186 3255 1277 3310 nolm.
1347 3257 1382 3309 10
1397 3258 1502 3326 parum]

362 3357 416 3395 non
434 3357 544 3410 paruam
563 3342 589 3395 Z
685 3343 908 3410 incongruentem
926 3342 954 3394 Z
1049 3343 1080 3395 11
1099 3342 1180 3395 iller
1268 3341 1432 3410 reliquorum
1450 3358 1502 3400 orn.

361 3441 398 3496 νμ
507 3426 654 3481 manifesta
671 3425 807 3481 dementia
823 3428 865 3480 ast
882 3427 909 3479 Z
1017 3427 1051 3481 12
1068 3425 1219 3496 negotiatio
1238 3429 1279 3480 est
1296 3428 1329 3491 Z,
1353 3428 1503 3497 negotiatio

360 3526 409 3564 sus
427 3513 458 3564 nt
475 3512 627 3579 stipulatu,
645 3512 757 3580 nogotia
775 3527 825 3565 sna
842 3514 874 3564 ut
891 3528 922 3565 ra
939 3529 954 3565 r
969 3518 1031 3581 past
1049 3528 1080 3565 ra
1096 3512 1197 3566 lacum
1210 3512 1290 3566 stes.
1386 3515 1415 3567 in
1432 3514 1503 3568 inin·

360 3595 429 3649 riam
444 3635 450 3648 .
466 3635 472 3648 .
489 3597 623 3664 ,uapnlet
640 3612 756 3666 arnapa
826 3596 860 3650 13
872 3598 903 3650 nt
915 3597 990 3651 nltra
1001 3598 1044 3652 Za
1112 3596 1146 3650 14
1158 3596 1305 3651 humanum
1323 3601 1417 3652 uenter
1427 3587 1501 3654 ἵν’

360 3681 495 3752 potuisset
513 3682 556 3737 Za
606 3686 616 3735 l
645 3681 745 3750 ¹super]
763 3682 813 3736 snb
832 3682 858 3735 Z
957 3697 1069 3737 coronas
1087 3681 1175 3735 edacis
1193 3698 1237 3750 τμ,
1257 3685 1399 3737 coronatae
1416 3684 1502 3737 edaci·

359 3766 427 3820 tatis
445 3767 487 3820 Ζυ
558 3765 591 3820 15
609 3765 720 3836 ictibus]
739 3765 841 3819 ictibus
862 3766 1003 3821 uulnerum
1020 3767 1064 3821 Za
1133 3767 1261 3834 loquetur
1279 3768 1306 3820 Z
1382 3767 1416 3821 16
1433 3769 1503 3845 ipsa]

358 3852 447 3906 istac
538 3851 677 3922 uiriuma
765 3853 794 3906 at
811 3853 947 3921 amplexus
965 3873 994 3923 μ,
1016 3853 1186 3922 amplaxnsr
1278 3852 1469 3922 Hotoman

360 3938 431 3990 stara
443 3936 544 3990 uideris
563 3938 624 4006 qnis
642 3953 687 4007 τμ,
705 3937 807 3991 uiderit
825 3936 869 3991 uel
881 3939 937 4005 Zo,·
951 3944 1016 4006 poet
1034 3940 1106 3991 stare
1119 3938 1233 3992 uidetis
1243 3940 1285 3992 est
1297 3938 1381 3992 iacere
1392 3939 1438 3993 scel
1449 3939 1504 3993 tale

360 4022 428 4091 qaid
446 4022 620 4076 intercidisse
695 4022 729 4076 18
746 4023 848 4093 uincet]
867 4023 932 4078 cdd.
949 4025 988 4077 Z:
1006 4024 1067 4110 quis
1085 4023 1183 4077 uicerit
1251 4023 1346 4093 pudor]
1364 4023 1430 4078 odd.
1448 4024 1503 4080 Zor

360 4110 451 4161 tamen
488 4110 522 4176 ff!
557 4107 713 4178 {uinctusn
829 4108 862 4161 19
881 4124 987 4163 aereum
1005 4110 1048 4165 Za
1160 4109 1323 4176 comptantis
1341 4127 1370 4176 μ,
1388 4110 1504 4163 extensis

362 4193 432 4248 coni.
451 4192 595 4249 Pometiae
699 4194 793 4262 iactat]
813 4194 879 4248 iacit
896 4197 922 4248 Ζ
1024 4209 1077 4248 non
1095 4196 1137 4247 aet
1154 4192 1201 4248 sed
1219 4194 1354 4248 dementia
1371 4195 1415 4250 Za
