3720 4920
369 357 418 407 cn
768 338 919 397 Caecilii
937 337 1103 410 Cypriani
1145 331 1148 338 ’

368 513 447 576 quas
471 497 511 560 ad
537 497 712 578 probandae
741 496 872 561 uirtutis
902 495 1112 578 experimenta
1136 494 1337 577 perpetimur,
1365 511 1427 559 non
1454 495 1503 558 est

365 614 475 680 poena,
490 599 564 680 quia
578 599 746 683 gloriaest.
762 600 818 665 sed
832 599 898 666 esto
913 617 998 677 sane,
1012 598 1102 663 nobis
1116 616 1215 680 poena
1224 614 1285 662 uon
1296 597 1340 662 sit
1352 596 1499 663 exilium:

366 698 434 764 illis
458 700 609 766 ultimum
635 703 752 766 crimen
777 704 810 767 et
831 701 1005 784 pessimum
1030 699 1118 766 nefas
1145 699 1241 766 etiam
1265 699 1405 780 ipsorum
1427 717 1500 764 oon-

366 803 498 869 seientia
517 804 608 870 testis
628 804 795 888 adscribat,
818 804 872 887 qui
887 803 1018 888 possunt
1032 800 1250 868 innocentibus
1264 801 1401 885 irrogare
1416 800 1499 882 quod

364 906 478 986 putant
498 924 638 987 poenam.
659 907 729 971 nelo
749 925 831 970 nune
846 906 1020 971 describere
1035 904 1097 970 loci
1113 904 1249 989 gratiam
1264 905 1297 969 et
1312 903 1519 968 deliciarnm⁵

365 1007 506 1072 omnium
525 1010 707 1091 paraturam
727 1008 856 1073 interim
876 1009 1011 1073 transeo.
1031 1007 1188 1091 fingamus
1208 1006 1312 1070 locum
1326 1005 1420 1070 illum
1435 1004 1500 1067 situ

364 1110 535 1190 sordidum,
563 1112 742 1193 squalidum
764 1112 846 1194 uisu,
872 1129 936 1175 non
956 1110 1098 1176 salubres
1119 1128 1215 1192 aquas
1234 1108 1411 1185 habentem,
1438 1125 1499 1172 non

363 1213 569 1279 amoenitates
584 1213 705 1298 uiroris,
729 1230 791 1279 non
805 1212 957 1278 uiciniam
971 1211 1085 1291 litoris
1102 1212 1157 1277 sed
1172 1212 1278 1276 uastas
1292 1228 1385 1292 rupes
1400 1208 1498 1273 silua·

363 1333 435 1378 rum
456 1314 539 1380 inter
558 1315 730 1398 inhospitas
750 1314 855 1382 fauces
870 1315 1010 1380 desemae
1026 1313 1196 1380 admodum
1210 1312 1401 1395 solitudinis,
1424 1311 1497 1376 auia

362 1415 474 1480 mnndi
494 1419 585 1500 parte
605 1419 807 1482 summotum.
829 1417 934 1500 posset
954 1415 1031 1481 licet
1052 1415 1128 1480 talis
1149 1415 1236 1480 loeus
1257 1414 1370 1478 habere
1384 1431 1496 1477 nomen
1506 1433 1533 1473 ιο

363 1517 461 1600 exilii,
488 1537 550 1599 quo
575 1517 747 1601 Cyprianus
774 1517 915 1584 sacerdos
942 1517 1002 1582 Dei
1028 1519 1165 1593 uenerat,
1192 1515 1306 1580 nonai
1331 1516 1495 1581 hominum

361 1618 538 1685 ministeria
559 1619 731 1698 deficerent,
752 1620 804 1684 uel
825 1620 917 1685 alites
938 1620 976 1683 et
990 1618 1102 1683 Heliae
1121 1618 1173 1682 uol
1189 1618 1224 1682 ut
1239 1619 1369 1683 Daniele
1391 1617 1496 1700 angeli

362 1720 600 1786 ministrarent?
628 1720 711 1786 absit
738 1721 830 1798 absit,
861 1722 899 1785 ut
922 1721 1029 1785 credat
1058 1720 1173 1802 aliquis
1201 1720 1332 1785 cuilibet
1362 1720 1496 1784 minimo

362 1820 530 1888 dummodo
549 1822 583 1887 in
600 1822 790 1889 confessione
810 1822 948 1888 nominis
967 1822 1139 1888 constituto
1159 1823 1280 1904 aliquid
1300 1821 1493 1888 defutumm.

360 1925 485 1989 tantum
500 1925 589 1989 abest
602 1926 640 1990 ut
650 1925 710 1990 Dei
724 1925 864 2008 pontifex
878 1926 935 1990 ille
950 1927 1004 2007 qui
1019 1926 1249 1991 misericordiae
1264 1943 1384 2006 semper
1399 1925 1491 1988 rebus
1503 1941 1527 1981 rr
1587 1937 1588 1941 ’

359 2025 521 2092 institerat
535 2026 687 2092 honorum
702 2028 843 2093 omnium
858 2027 970 2109 opibus
984 2028 1150 2111 indigeret.

190 2172 193 2175 .
249 2165 252 2173 ,
312 2125 350 2187 12
403 2127 473 2192 Iam
499 2147 597 2205 nunc,
635 2129 717 2211 quod
752 2129 885 2193 secundo
914 2146 1077 2211 posueram
1107 2130 1182 2204 loco,
1218 2148 1289 2195 curn
1318 2128 1494 2212 gratiarum

359 2229 480 2292 actione
506 2231 695 2312 repetamus,
722 2231 884 2313 prouisum
911 2248 978 2294 esse
1005 2229 1159 2295 diuinitus
1185 2230 1282 2295 etiam
1306 2248 1362 2312 pro
1388 2231 1494 2296 animo

357 2330 440 2394 tanti
451 2331 513 2394 uiri
524 2332 663 2413 apricum
675 2334 707 2395 et
718 2333 933 2412 conpetentem
948 2332 1061 2408 locum,
1076 2331 1249 2412 hospitium
1261 2351 1315 2413 pre
1327 2333 1490 2396 uoluntate

358 2433 511 2497 secretum
527 2432 559 2497 et
574 2432 725 2515 quidquid
745 2432 856 2515 apponi
872 2433 917 2498 eis
933 2436 1005 2499 ante
1020 2433 1208 2515 promissum
1224 2435 1271 2498 est
1286 2433 1340 2514 qui
1355 2452 1487 2517 regnum
1498 2454 1530 2495 so

357 2532 390 2596 et
403 2533 560 2599 iustitiam
576 2535 634 2599 Dei
654 2537 816 2616 quaerunt.
838 2536 932 2617 atque
953 2537 990 2599 ut
1011 2535 1157 2600 omittam
1179 2534 1387 2617 frequentiam
1409 2534 1489 2598 uisi·

356 2635 495 2732 bantium
511 2636 644 2701 fratrum
658 2638 690 2702 et
705 2638 843 2719 ipserum
858 2637 931 2701 indo
946 2636 1064 2702 ciuium
1080 2636 1251 2716 caritatem,
1271 2657 1350 2719 quae
1365 2655 1488 2718 reprae-

356 2737 501 2802 sentabat
523 2739 637 2815 omnia,
662 2739 775 2820 quibus
797 2738 964 2805 uidebatur
987 2757 1054 2803 ease
1074 2739 1246 2817 fraudatus,
1269 2737 1488 2802 admirabilem

356 2838 571 2920 uisitationem
597 2840 656 2905 Dei
681 2857 741 2905 non
767 2841 951 2923 praeteribo,
978 2859 1039 2922 qua
1064 2841 1241 2905 antistitem
1266 2859 1358 2905 suum
1383 2841 1429 2906 sic
1454 2841 1488 2904 in

408 3058 423 3110 1
436 3056 471 3111 ad
482 3057 643 3127 probandae]
656 3060 825 3128 approbanda
836 3077 881 3129 sep
960 3059 1124 3128 perpetimur
1136 3060 1314 3128 experimenta
1325 3077 1350 3114 ec
1430 3060 1488 3113 3et

354 3140 500 3209 pessimum
512 3156 561 3195 om.
579 3142 605 3195 T
680 3143 944 3212 lignosceutibusp
1029 3145 1123 3212 bputo
1139 3145 1164 3197 T
1242 3146 1357 3199 lilocnm
1369 3159 1418 3198 erra
1433 3164 1453 3212 μ

354 3225 438 3279 sitnm
453 3227 497 3295 Τμ
607 3229 621 3282 7
634 3228 721 3282 uisum
734 3246 779 3298 ιομ
884 3228 1020 3283 habentur
1034 3230 1060 3282 T
1160 3230 1366 3284 8amoenitates
1377 3229 1487 3298 scripsi,

354 3311 527 3365 amoenitatis
543 3313 574 3376 T,
587 3314 733 3368 amenitate
745 3331 778 3380 ae,
791 3314 984 3368 amoenitatem
997 3331 1034 3382 μυ
1108 3314 1211 3384 uigoris
1224 3321 1236 3367 t
1313 3314 1415 3368 uicinia
1429 3315 1456 3368 T

353 3394 399 3448 sad
412 3399 497 3466 otwp
592 3402 672 3453 uasta
683 3415 761 3468 rupes
774 3420 802 3467 μ,
814 3402 895 3454 uasta
905 3416 973 3469 rupe
987 3401 1019 3464 T,
1030 3415 1110 3469 rupes
1122 3402 1238 3453 uastare
1334 3399 1487 3467 9hospitas

355 3481 412 3548 Tra'
524 3483 682 3538 solitudines
698 3485 728 3548 T,
741 3485 892 3557 sollitudini
904 3502 929 3538 ro
1041 3486 1116 3555 ania]
1128 3487 1175 3539 uia
1188 3487 1215 3540 T
1324 3485 1355 3537 11
1369 3485 1416 3552 qui
1429 3485 1455 3538 T
1495 3528 1497 3534 .

352 3568 481 3621 uenerant
495 3569 526 3633 T,
538 3571 681 3622 ueneratur
693 3586 718 3623 eo
856 3586 908 3624 nou
921 3570 946 3624 si
957 3587 1011 3639 rep,
1024 3587 1076 3624 nou
1088 3570 1143 3623 sibi
1159 3571 1190 3633 T,
1202 3570 1246 3623 cui
1257 3571 1281 3623 si
1293 3586 1318 3634 o,
1330 3586 1384 3624 non
1396 3569 1450 3623 sibi
1462 3569 1487 3622 si

352 3651 418 3717 fert.
505 3654 539 3707 12
550 3653 687 3710 deflocrint
701 3657 733 3719 T,
744 3655 916 3711 defecerintt
1000 3657 1096 3725 heliae]
1109 3656 1178 3710 aliae
1191 3656 1217 3710 T
1296 3654 1398 3709 danieli
1409 3671 1452 3710 roo

353 3736 387 3790 13
398 3737 595 3808 ministrarent]
608 3743 779 3809 procurarent
789 3758 835 3811 cop
940 3742 1014 3813 absit
1025 3759 1074 3795 mre
1088 3742 1157 3809 Τιομ
1260 3741 1351 3795 eredat
1363 3756 1412 3794 om.
1430 3742 1455 3794 T

350 3821 462 3876 minime
474 3822 501 3877 T
618 3826 746 3879 mundum
759 3826 836 3880 modo
848 3833 860 3881 t
981 3827 1015 3881 14
1026 3828 1216 3881 consessionem
1230 3828 1255 3881 T
1370 3826 1486 3880 nominis

350 3905 446 3961 chmsti
458 3925 504 3977 cop
601 3909 737 3964 defuturo
752 3912 778 3966 T
878 3913 911 3966 15
923 3911 1062 3980 pontifices
1078 3913 1104 3967 T
1198 3911 1402 3980 misericordiae]
1414 3927 1486 3966 nuno

350 4007 452 4060 semper
462 4010 488 4046 so
574 3994 607 4047 16
619 3995 747 4049 instituat
758 4012 783 4051 w
869 3997 999 4051 honorum
1014 3999 1045 4063 T,
1057 3998 1152 4052 horum
1164 4014 1238 4067 wpo3
1250 4015 1289 4051 aa
1298 3997 1451 4052 bonorum?

351 4075 385 4130 18
397 4077 497 4148 animo]
510 4080 596 4134 arnico
608 4097 633 4133 w
720 4081 753 4136 19
766 4085 936 4151 conpetentes
949 4083 976 4137 T
1058 4084 1199 4153 uoluptate
1211 4103 1231 4153 μ
1315 4084 1347 4137 21
1361 4083 1485 4152 frequen-

348 4160 420 4215 tium
434 4164 468 4219 Τ
576 4166 611 4220 22
623 4166 740 4236 ipsomm
753 4170 808 4223 eto
912 4169 960 4239 qni
971 4169 1172 4240 representabat
1183 4187 1215 4235 so,
1226 4185 1306 4240 qnare
1317 4171 1484 4238 praesentem

350 4251 495 4317 quaerebat
508 4253 534 4306 T
593 4254 627 4308 23
639 4253 764 4309 uideatur
773 4273 799 4311 w
856 4256 892 4312 24
901 4271 982 4326 quam
997 4257 1045 4312 Tro
1105 4259 1259 4312 arachitem
1275 4256 1306 4321 T,
1319 4256 1447 4325 mtistem
1459 4272 1485 4309 eo
