3720 4920
1461 415 1486 463 v

351 555 423 622 ela
434 552 751 620 BAPTIZANDIS
763 551 981 619 EXPLICIT
990 551 1172 620 INCIPIT
1181 553 1249 618 AD
1262 549 1486 619 ROGATIA·

349 664 459 731 NVM
479 665 544 729 ΕΤ
563 662 769 730 cameos
786 664 854 727 DE
880 663 1190 730 OBSERVANDA
1216 661 1487 729 DISCIPLINA

348 773 643 870 (=p.eoo‚1a)‚f.
661 757 1125 839 reseruassemus
1136 757 1237 839 muli
1251 775 1305 855 (ε
1317 792 1347 855 p.
1362 770 1487 857 coes).

347 883 370 948 f.
397 883 474 949 148·
499 884 541 950 c.¹
568 884 590 948 l.
613 903 659 968 pr.
682 882 741 949 SA
763 882 1002 973 SVFFERRE
1023 882 1116 959 QVO
1142 885 1197 968 (=
1220 884 1303 968 App.
1329 903 1360 966 p.
1385 883 1486 969 393),

347 994 370 1060 I.
395 995 471 1061 155·
491 993 537 1060 cl
559 992 747 1061 CAECILI
764 991 988 1059 CYPRIANI
1001 994 1069 1059 DE
1085 993 1246 1060 LAVDE
1259 993 1492 1061 MARTYRII

348 1088 705 1173 muneremur

389 1217 483 1282 Hunc
518 1215 674 1298 optimum
707 1215 825 1280 librum
855 1217 966 1280 ducem
994 1216 1041 1282 ite
1069 1217 1210 1300 adhibui,
1246 1217 1283 1281 ut
1312 1216 1375 1283 nisi
1403 1217 1486 1282 ratio
1509 1211 1632 1282 cenas

347 1328 536 1411 repugnaret
556 1326 613 1392 aut
632 1324 810 1391 manifestis
831 1324 885 1391 ille
904 1325 1120 1409 inquinaretur
1133 1325 1266 1405 mendis,
1288 1328 1396 1393 contra
1409 1326 1485 1392 reli·
1507 1314 1636 1360 ‘'Ml'‘

347 1454 424 1520 quos
438 1437 537 1502 libros
551 1453 658 1500 omnes
672 1434 768 1500 huius
780 1435 949 1518 scripturae
964 1436 998 1501 in
1013 1438 1135 1501 textum
1148 1437 1336 1518 reciperem
1360 1454 1485 1502 summa

348 1545 432 1612 enim
452 1545 520 1611 eius
540 1545 712 1611 auctoritas
727 1544 761 1610 in
777 1562 812 1610 eo
827 1545 954 1610 uidetur
975 1547 1057 1628 quod
1075 1564 1138 1611 non
1153 1564 1223 1612 raro
1238 1546 1324 1612 solus
1339 1565 1414 1612 uera
1429 1548 1486 1612 aut

347 1673 492 1721 uerorum
515 1654 652 1738 uestigia
673 1654 814 1737 proxima
836 1655 892 1719 eut
911 1655 1095 1721 mendorum
1116 1654 1233 1721 formas
1254 1656 1381 1738 primas,
1404 1655 1487 1721 unde

345 1764 606 1850 interpolatorum
616 1765 791 1830 tentamina
801 1765 1004 1848 explicantur,
1016 1766 1165 1842 seruauit,
1179 1765 1268 1831 cuius
1278 1766 1325 1831 rei
1337 1783 1408 1830 cum
1419 1768 1487 1831 sin·

347 1875 441 1960 gulae
462 1875 595 1958 paginae
609 1874 730 1955 optima
745 1874 946 1956 suppeditent
960 1874 1109 1956 exemplo,
1133 1875 1314 1956 speciminis
1327 1876 1395 1940 loeo
1409 1875 1487 1942 haec

346 2002 426 2068 pono
448 1984 591 2050 celeriter
605 1983 767 2066 quaerenti
782 1984 989 2049 occurrentia:
1012 2004 1041 2066 p.
1057 1984 1178 2063 256‚25
1192 1985 1247 2050 ubi
1264 1985 1379 2066 reliqui
1393 1985 1486 2065 quot·

348 2096 423 2178 quot
446 2095 571 2160 exstem
592 2093 666 2158 libri
688 2093 878 2175 interpolata
901 2093 1048 2158 exhibent
1069 2095 1166 2159 uerba
1185 2094 1243 2175 qui
1262 2094 1320 2158 etsi
1334 2093 1487 2176 nefandis
1606 2143 1608 2147 .

347 2204 519 2287 sacrificiis
538 2221 656 2268 maes
668 2222 734 2267 aon
749 2204 1059 2281 coatamlaoccraat
1080 2203 1197 2268 libellis
1210 2207 1317 2268 tomen
1332 2203 1487 2268 censeba-

346 2316 428 2381 te'ora
445 2314 642 2397 polluerunt,
667 2315 701 2378 in
723 2312 825 2380 solos
848 2315 934 2379 extat
956 2313 1090 2379 formula
1112 2314 1336 2379 conscentiam
1357 2313 1487 2379 miscue-

351 2429 439 2502 runt,
458 2423 595 2489 insoleus
615 2423 744 2505 quidem
760 2423 827 2501 illa,
850 2422 904 2489 sed
919 2441 1013 2505 quam
1028 2424 1163 2489 maxime
1177 2425 1329 2508 genuiua;
1351 2444 1388 2491 ea
1403 2425 1486 2490 enim

347 2534 452 2600 utitur
476 2534 531 2618 qui
557 2536 645 2600 totus
668 2533 861 2619 Cyprianum
887 2533 1077 2600 imitandum
1104 2534 1165 2599 sibi
1187 2537 1363 2618 sumpserat
1384 2534 1486 2602 libelli

348 2646 386 2710 de
400 2645 477 2710 boae
490 2645 668 2727 padicitiae
681 2647 790 2711 auctor
800 2645 841 2709 Α.
852 2664 924 2728 pag.
937 2645 1013 2725 20,5
1024 2644 1163 2726 mollem
1175 2665 1251 2711 ocro
1265 2645 1395 2711 laconis
1408 2646 1487 2726 qaia

347 2754 458 2821 stetim
471 2754 697 2822 molentium
712 2773 779 2820 aee
792 2753 928 2837 miscuit,
944 2758 976 2822 et
987 2755 1014 2822 si
1030 2756 1111 2823 recte
1126 2755 1223 2822 uerba
1238 2756 1396 2835 constitui,
1412 2753 1486 2823 Cal·

350 2866 460 2931 donius
485 2865 524 2931 de
546 2865 678 2931 muliere
700 2884 720 2931 a
740 2865 856 2930 marito
882 2864 922 2930 ad
945 2865 1182 2932 sacrificandum
1207 2867 1310 2931 tracta
1333 2864 1487 2951 cypriam

348 2975 475 3059 scripsit
488 2995 561 3061 pag.
576 2976 674 3055 537ss
688 2975 915 3041 rosaceum
928 2994 994 3040 eoa
1007 2975 1209 3041 commiscet.
1225 3015 1267 3026 —
1280 2995 1353 3062 pag.
1368 2977 1488 3056 304‚14

349 3086 383 3150 in
398 3084 419 3151 S
435 3103 495 3150 uox
516 3086 652 3151 occurrit
672 3085 834 3150 rarissima
855 3085 1057 3167 offendiculo,
1077 3087 1165 3150 cuius
1185 3086 1338 3151 inlocum
1359 3087 1489 3152 tritissi-

349 3214 437 3260 mum
457 3194 618 3260 eeanclala
638 3195 821 3278 receperunt
841 3195 954 3277 reliqui
975 3195 1039 3260 fere
1060 3212 1167 3259 omnes
1181 3196 1228 3260 ita
1242 3195 1400 3279 legentes:
1422 3216 1489 3261 aon

350 3307 415 3372 stat
434 3306 493 3371 tibi
513 3305 672 3371 meudula
686 3306 750 3370 ista
764 3305 819 3371 sec
829 3304 963 3386 proclia.
979 3343 1024 3353 —
1037 3324 1067 3387 p.
1083 3305 1203 3381 253‚24
1218 3324 1237 3370 a
1255 3324 1329 3372 uero
1351 3307 1489 3389 proxime

350 3416 439 3484 abest
458 3416 496 3483 S:
526 3436 572 3481 oa
597 3416 768 3499 qaisquam
792 3415 896 3481 maior
921 3416 976 3481 olco
1001 3421 1058 3481 oet
1083 3413 1268 3502 diuiaollore
1293 3416 1490 3498 clamator,-

350 3527 475 3611 scripsit
504 3527 587 3592 enim
613 3525 796 3611 Cyprianus,
825 3526 861 3592 id
885 3526 967 3609 quod
992 3527 1126 3593 Vahleni
1151 3546 1282 3593 acumen
1308 3528 1400 3607 eicit,
1431 3532 1489 3594 out

350 3638 461 3704 diuino
486 3656 593 3704 omem
617 3636 799 3704 clementior
825 3637 871 3721 (in
893 3638 979 3702 exitu
1000 3637 1155 3702 linearum
1180 3637 1325 3723 uirguleo
1338 3637 1383 3657 Ν
1396 3656 1490 3723 super

350 3770 372 3815 o
386 3771 440 3816 ac
460 3750 582 3833 positae
604 3748 788 3833 plerumque
810 3750 1003 3814 euanuerunt
1024 3750 1058 3814 in
1080 3747 1125 3833 S).
1149 3749 1264 3831 reliqui
1286 3748 1361 3814 libri
1382 3767 1489 3815 omnes

351 3860 582 3944 interpolatoris
617 3859 783 3925 inuentum
812 3858 930 3923 diuina
959 3859 1095 3923 Mallote
1123 3857 1303 3923 clearcatior
1333 3858 1486 3924 exhibent.

351 3989 423 4036 cum
444 3969 546 4056 igitur
560 3968 675 4036 codicis
692 3970 794 4035 uirtus
809 3971 899 4035 tenta
914 3970 967 4049 sit,
989 3970 1053 4035 iam
1068 3987 1128 4036 non
1144 3968 1385 4053 uituperabitur‚
1406 3969 1489 4051 quod

353 4080 449 4146 etiam
464 4081 509 4146 eis
524 4081 558 4146 in
573 4081 660 4159 locis,
680 4080 735 4146 ubi
751 4080 942 4164 reliquorum
957 4079 1109 4147 librorum
1124 4080 1279 4163 scriptura
1294 4080 1375 4145 nihil
1390 4079 1489 4146 olien-

352 4191 448 4257 sionis
470 4191 643 4274 praeberet,
671 4192 726 4259 sed
747 4193 852 4258 tamm
873 4192 907 4257 in
928 4191 1129 4277 Seguieriano
1155 4192 1315 4276 singulare
1339 4189 1489 4274 quiddam

353 4302 446 4385 idque
467 4321 702 4387 nonnumquam
724 4304 831 4386 aperte
854 4303 1006 4369 uitiosum
1028 4303 1155 4389 inesset,
1180 4320 1217 4368 ex
1238 4302 1297 4367 hoc
1318 4301 1488 4368 diuinando
