<?xml version="1.0" encoding="UTF-8"?>
<!DOCTYPE html PUBLIC "-//W3C//DTD XHTML 1.0 Transitional//EN"
    "http://www.w3.org/TR/xhtml1/DTD/xhtml1-transitional.dtd">
<html xmlns="http://www.w3.org/1999/xhtml" xml:lang="en" lang="en">
 <head>
  <title>
</title>
<meta http-equiv="Content-Type" content="text/html;charset=utf-8" />
  <meta name='ocr-system' content='tesseract 3.04.00' />
  <meta name='ocr-capabilities' content='ocr_page ocr_carea ocr_par ocr_line ocrx_word'/>
</head>
<body>
  <div class='ocr_page' id='page_1' title='image "./sthascicaecilic00cyprgoog_0188.png"; bbox 0 0 3720 4920; ppageno 0'>
   <div class='ocr_carea' id='block_1_1' title="bbox 720 318 1513 390">
    <p class='ocr_par' dir='ltr' id='par_1_1' title="bbox 720 318 1513 390">
     <span class='ocr_line' id='line_1_1' title="bbox 720 318 1513 390; baseline 0.005 -16"><span class='ocrx_word' id='word_1_1' title='bbox 720 320 768 374; x_wconf 78' lang='lat' dir='ltr'><strong>Ad</strong></span> <span class='ocrx_word' id='word_1_2' title='bbox 791 318 1023 375; x_wconf 83' lang='lat' dir='ltr'><strong>Nouatiauurn</strong></span> <span class='ocrx_word' id='word_1_3' title='bbox 1047 338 1069 374; x_wconf 91' lang='lat' dir='ltr'><strong>c.</strong></span> <span class='ocrx_word' id='word_1_4' title='bbox 1088 325 1165 376; x_wconf 84' lang='lat'>3-6.</span> <span class='ocrx_word' id='word_1_5' title='bbox 1471 329 1513 390; x_wconf 81' lang='grc'><strong>57</strong></span> 
     </span>
    </p>
   </div>
   <div class='ocr_carea' id='block_1_2' title="bbox 332 477 1545 1675">
    <p class='ocr_par' dir='ltr' id='par_1_2' title="bbox 355 477 1519 1267">
     <span class='ocr_line' id='line_1_2' title="bbox 376 477 1514 556; baseline 0.002 -18"><span class='ocrx_word' id='word_1_6' title='bbox 376 478 549 538; x_wconf 73' lang='lat' dir='ltr'><strong>similabo</strong></span> <span class='ocrx_word' id='word_1_7' title='bbox 572 477 678 537; x_wconf 91' lang='lat' dir='ltr'><strong>illum</strong></span> <span class='ocrx_word' id='word_1_8' title='bbox 700 477 781 537; x_wconf 91' lang='lat' dir='ltr'><strong>uiro</strong></span> <span class='ocrx_word' id='word_1_9' title='bbox 804 477 923 539; x_wconf 92' lang='lat' dir='ltr'><strong>stulto</strong></span> <span class='ocrx_word' id='word_1_10' title='bbox 945 478 1009 554; x_wconf 89' lang='lat' dir='ltr'><strong>qui</strong></span> <span class='ocrx_word' id='word_1_11' title='bbox 1024 479 1247 540; x_wconf 80' lang='lat' dir='ltr'><strong>aedificarit</strong></span> <span class='ocrx_word' id='word_1_12' title='bbox 1263 481 1514 556; x_wconf 85' lang='lat' dir='ltr'><strong>domumsuam</strong></span> 
     </span>
     <span class='ocr_line' id='line_1_3' title="bbox 374 583 1514 667; baseline 0.002 -26"><span class='ocrx_word' id='word_1_13' title='bbox 374 598 484 655; x_wconf 88' lang='lat' dir='ltr'><strong>super</strong></span> <span class='ocrx_word' id='word_1_14' title='bbox 510 583 698 642; x_wconf 88' lang='lat' dir='ltr'><strong>harenam:</strong></span> <span class='ocrx_word' id='word_1_15' title='bbox 733 585 917 667; x_wconf 83' lang='lat' dir='ltr'><strong>uenerunt</strong></span> <span class='ocrx_word' id='word_1_16' title='bbox 945 585 1192 657; x_wconf 84' lang='lat' dir='ltr'><strong>tempestates</strong></span> <span class='ocrx_word' id='word_1_17' title='bbox 1222 586 1258 643; x_wconf 88' lang='lat' dir='ltr'><strong>et</strong></span> <span class='ocrx_word' id='word_1_18' title='bbox 1280 584 1514 659; x_wconf 76' lang='lat' dir='ltr'><strong>impegerunt</strong></span> 
     </span>
     <span class='ocr_line' id='line_1_4' title="bbox 375 682 1515 754; baseline 0.003 -11"><span class='ocrx_word' id='word_1_19' title='bbox 375 684 410 743; x_wconf 95' lang='lat' dir='ltr'><strong>in</strong></span> <span class='ocrx_word' id='word_1_20' title='bbox 444 685 577 743; x_wconf 91' lang='lat' dir='ltr'><strong>domum</strong></span> <span class='ocrx_word' id='word_1_21' title='bbox 610 682 728 754; x_wconf 90' lang='lat' dir='ltr'><strong>illam,</strong></span> <span class='ocrx_word' id='word_1_22' title='bbox 762 687 797 742; x_wconf 93' lang='lat' dir='ltr'><strong>et</strong></span> <span class='ocrx_word' id='word_1_23' title='bbox 829 684 970 743; x_wconf 90' lang='lat' dir='ltr'><strong>cecidit</strong></span> <span class='ocrx_word' id='word_1_24' title='bbox 1002 688 1038 744; x_wconf 91' lang='lat' dir='ltr'><strong>et</strong></span> <span class='ocrx_word' id='word_1_25' title='bbox 1072 686 1174 744; x_wconf 82' lang='lat' dir='ltr'><strong>lacta</strong></span> <span class='ocrx_word' id='word_1_26' title='bbox 1206 689 1262 746; x_wconf 89' lang='lat' dir='ltr'><strong>est</strong></span> <span class='ocrx_word' id='word_1_27' title='bbox 1294 687 1403 746; x_wconf 89' lang='lat' dir='ltr'><strong>ruina</strong></span> <span class='ocrx_word' id='word_1_28' title='bbox 1436 686 1515 747; x_wconf 87' lang='lat' dir='ltr'><strong>aius</strong></span> 
     </span>
     <span class='ocr_line' id='line_1_5' title="bbox 376 787 1516 863; baseline 0.001 -16"><span class='ocrx_word' id='word_1_29' title='bbox 376 802 513 861; x_wconf 78' lang='lat' dir='ltr'><strong>magna.</strong></span> <span class='ocrx_word' id='word_1_30' title='bbox 529 791 560 846; x_wconf 92' lang='lat' dir='ltr'><strong>et</strong></span> <span class='ocrx_word' id='word_1_31' title='bbox 573 804 610 847; x_wconf 94' lang='lat' dir='ltr'><strong>ne</strong></span> <span class='ocrx_word' id='word_1_32' title='bbox 625 789 732 847; x_wconf 81' lang='lat' dir='ltr'><strong>temme</strong></span> <span class='ocrx_word' id='word_1_33' title='bbox 744 802 915 860; x_wconf 76' lang='lat' dir='ltr'><strong>conparasse</strong></span> <span class='ocrx_word' id='word_1_34' title='bbox 931 787 1081 847; x_wconf 87' lang='lat' dir='ltr'><strong>uideamur</strong></span> <span class='ocrx_word' id='word_1_35' title='bbox 1095 789 1255 849; x_wconf 73' lang='lat' dir='ltr'>columbam</span> <span class='ocrx_word' id='word_1_36' title='bbox 1271 789 1353 849; x_wconf 88' lang='lat' dir='ltr'><strong>illam</strong></span> <span class='ocrx_word' id='word_1_37' title='bbox 1368 789 1516 863; x_wconf 88' lang='lat' dir='ltr'><strong>lapsorum</strong></span> 
     </span>
     <span class='ocr_line' id='line_1_6' title="bbox 355 888 1516 963; baseline 0.002 -16"><span class='ocrx_word' id='word_1_38' title='bbox 355 888 531 963; x_wconf 75' lang='lat' dir='ltr'><strong>simaginem</strong></span> <span class='ocrx_word' id='word_1_39' title='bbox 557 891 680 962; x_wconf 87' lang='lat' dir='ltr'><strong>portare,</strong></span> <span class='ocrx_word' id='word_1_40' title='bbox 707 888 749 948; x_wconf 92' lang='lat' dir='ltr'><strong>sic</strong></span> <span class='ocrx_word' id='word_1_41' title='bbox 775 889 917 962; x_wconf 84' lang='lat' dir='ltr'><strong>propheta</strong></span> <span class='ocrx_word' id='word_1_42' title='bbox 938 892 968 949; x_wconf 89' lang='lat' dir='ltr'><strong>et</strong></span> <span class='ocrx_word' id='word_1_43' title='bbox 995 889 1143 950; x_wconf 88' lang='lat' dir='ltr'><strong>ciuitatem</strong></span> <span class='ocrx_word' id='word_1_44' title='bbox 1158 893 1191 950; x_wconf 92' lang='lat' dir='ltr'><strong>ut</strong></span> <span class='ocrx_word' id='word_1_45' title='bbox 1215 890 1375 952; x_wconf 78' lang='lat' dir='ltr'>columbam</span> <span class='ocrx_word' id='word_1_46' title='bbox 1401 890 1456 951; x_wconf 88' lang='lat' dir='ltr'><strong>hoc</strong></span> <span class='ocrx_word' id='word_1_47' title='bbox 1470 894 1516 951; x_wconf 86' lang='lat' dir='ltr'><strong>ast</strong></span> 
     </span>
     <span class='ocr_line' id='line_1_7' title="bbox 377 989 1515 1065; baseline 0.002 -15"><span class='ocrx_word' id='word_1_48' title='bbox 377 990 521 1064; x_wconf 86' lang='lat' dir='ltr'><strong>lapsorum</strong></span> <span class='ocrx_word' id='word_1_49' title='bbox 546 1007 698 1065; x_wconf 85' lang='lat' dir='ltr'><strong>personam</strong></span> <span class='ocrx_word' id='word_1_50' title='bbox 718 989 849 1063; x_wconf 72' lang='lat' dir='ltr'><strong>increpat</strong></span> <span class='ocrx_word' id='word_1_51' title='bbox 870 991 983 1051; x_wconf 87' lang='lat' dir='ltr'><strong>dicens:</strong></span> <span class='ocrx_word' id='word_1_52' title='bbox 1007 991 1172 1052; x_wconf 88' lang='lat' dir='ltr'><strong>columba</strong></span> <span class='ocrx_word' id='word_1_53' title='bbox 1194 1010 1262 1053; x_wconf 92' lang='lat' dir='ltr'><strong>non</strong></span> <span class='ocrx_word' id='word_1_54' title='bbox 1284 991 1434 1053; x_wconf 75' lang='lat' dir='ltr'><strong>exaudit</strong></span> <span class='ocrx_word' id='word_1_55' title='bbox 1456 1009 1515 1052; x_wconf 94' lang='lat' dir='ltr'><strong>uo·</strong></span> 
     </span>
     <span class='ocr_line' id='line_1_8' title="bbox 376 1092 1519 1167; baseline 0 -15"><span class='ocrx_word' id='word_1_56' title='bbox 376 1109 471 1164; x_wconf 84' lang='lat' dir='ltr'><strong>eam,</strong></span> <span class='ocrx_word' id='word_1_57' title='bbox 494 1092 529 1150; x_wconf 92' lang='lat' dir='ltr'><strong>id</strong></span> <span class='ocrx_word' id='word_1_58' title='bbox 551 1095 612 1152; x_wconf 92' lang='lat' dir='ltr'><strong>est</strong></span> <span class='ocrx_word' id='word_1_59' title='bbox 633 1092 828 1166; x_wconf 88' lang='lat' dir='ltr'><strong>praeclara</strong></span> <span class='ocrx_word' id='word_1_60' title='bbox 849 1095 886 1150; x_wconf 93' lang='lat' dir='ltr'><strong>et</strong></span> <span class='ocrx_word' id='word_1_61' title='bbox 908 1095 1099 1165; x_wconf 89' lang='lat' dir='ltr'><strong>redempta</strong></span> <span class='ocrx_word' id='word_1_62' title='bbox 1122 1093 1264 1153; x_wconf 91' lang='lat' dir='ltr'><strong>ciuitas</strong></span> <span class='ocrx_word' id='word_1_63' title='bbox 1287 1110 1355 1153; x_wconf 95' lang='lat' dir='ltr'><strong>non</strong></span> <span class='ocrx_word' id='word_1_64' title='bbox 1377 1094 1519 1167; x_wconf 78' lang='lat' dir='ltr'><strong>recipit</strong></span> 
     </span>
     <span class='ocr_line' id='line_1_9' title="bbox 377 1193 1277 1267; baseline 0.002 -16"><span class='ocrx_word' id='word_1_65' title='bbox 377 1193 603 1267; x_wconf 78' lang='lat' dir='ltr'><strong>doctrinam,</strong></span> <span class='ocrx_word' id='word_1_66' title='bbox 626 1198 662 1253; x_wconf 90' lang='lat' dir='ltr'><strong>et</strong></span> <span class='ocrx_word' id='word_1_67' title='bbox 682 1194 719 1252; x_wconf 93' lang='lat' dir='ltr'><strong>in</strong></span> <span class='ocrx_word' id='word_1_68' title='bbox 741 1193 931 1252; x_wconf 85' lang='lat' dir='ltr'><strong>Dominum</strong></span> <span class='ocrx_word' id='word_1_69' title='bbox 953 1193 1080 1254; x_wconf 81' lang='lat' dir='ltr'><strong>fidene</strong></span> <span class='ocrx_word' id='word_1_70' title='bbox 1103 1211 1172 1254; x_wconf 94' lang='lat' dir='ltr'><strong>non</strong></span> <span class='ocrx_word' id='word_1_71' title='bbox 1195 1196 1277 1254; x_wconf 84' lang='lat' dir='ltr'><strong>luit.</strong></span> 
     </span>
    </p>

    <p class='ocr_par' dir='ltr' id='par_1_3' title="bbox 332 1294 1545 1378">
     <span class='ocr_line' id='line_1_10' title="bbox 332 1294 1545 1378; baseline 0.005 -23"><span class='ocrx_word' id='word_1_72' title='bbox 332 1374 335 1378; x_wconf 14' lang='lat' dir='ltr'><em>A</em></span> <span class='ocrx_word' id='word_1_73' title='bbox 419 1294 502 1364; x_wconf 72' lang='lat' dir='ltr'><strong>Quod</strong></span> <span class='ocrx_word' id='word_1_74' title='bbox 515 1298 611 1355; x_wconf 91' lang='lat' dir='ltr'><strong>autern</strong></span> <span class='ocrx_word' id='word_1_75' title='bbox 626 1294 755 1370; x_wconf 89' lang='lat' dir='ltr'><strong>requiem</strong></span> <span class='ocrx_word' id='word_1_76' title='bbox 770 1294 892 1366; x_wconf 90' lang='lat' dir='ltr'><strong>pedibus</strong></span> <span class='ocrx_word' id='word_1_77' title='bbox 907 1295 1040 1354; x_wconf 87' lang='lat' dir='ltr'><strong>columba</strong></span> <span class='ocrx_word' id='word_1_78' title='bbox 1053 1294 1123 1367; x_wconf 89' lang='lat' dir='ltr'><strong>illa,</strong></span> <span class='ocrx_word' id='word_1_79' title='bbox 1139 1297 1214 1356; x_wconf 86' lang='lat' dir='ltr'><strong>sicut</strong></span> <span class='ocrx_word' id='word_1_80' title='bbox 1228 1297 1361 1370; x_wconf 87' lang='lat' dir='ltr'><strong>superius</strong></span> <span class='ocrx_word' id='word_1_81' title='bbox 1376 1298 1545 1370; x_wconf 81' lang='lat' dir='ltr'><strong>diximus,6</strong></span> 
     </span>
    </p>

    <p class='ocr_par' dir='ltr' id='par_1_4' title="bbox 344 1397 1520 1675">
     <span class='ocr_line' id='line_1_11' title="bbox 344 1397 1516 1473; baseline 0.004 -19"><span class='ocrx_word' id='word_1_82' title='bbox 344 1397 508 1457; x_wconf 80' lang='lat' dir='ltr'><strong>roinuenire</strong></span> <span class='ocrx_word' id='word_1_83' title='bbox 533 1414 590 1457; x_wconf 92' lang='lat' dir='ltr'><strong>non</strong></span> <span class='ocrx_word' id='word_1_84' title='bbox 615 1399 739 1471; x_wconf 88' lang='lat' dir='ltr'><strong>poterat,</strong></span> <span class='ocrx_word' id='word_1_85' title='bbox 765 1397 820 1457; x_wconf 89' lang='lat' dir='ltr'><strong>boo</strong></span> <span class='ocrx_word' id='word_1_86' title='bbox 846 1397 1031 1472; x_wconf 79' lang='lat' dir='ltr'><strong>significabat</strong></span> <span class='ocrx_word' id='word_1_87' title='bbox 1056 1398 1182 1472; x_wconf 78' lang='lat' dir='ltr'><strong>uestigia</strong></span> <span class='ocrx_word' id='word_1_88' title='bbox 1206 1399 1374 1473; x_wconf 80' lang='lat' dir='ltr'><strong>negantium</strong></span> <span class='ocrx_word' id='word_1_89' title='bbox 1396 1400 1450 1460; x_wconf 92' lang='lat' dir='ltr'><strong>hoc</strong></span> <span class='ocrx_word' id='word_1_90' title='bbox 1470 1402 1516 1459; x_wconf 87' lang='lat' dir='ltr'><strong>est</strong></span> 
     </span>
     <span class='ocr_line' id='line_1_12' title="bbox 377 1499 1515 1575; baseline 0.001 -15"><span class='ocrx_word' id='word_1_91' title='bbox 377 1499 612 1572; x_wconf 87' lang='lat' dir='ltr'><strong>sacrificatorum,</strong></span> <span class='ocrx_word' id='word_1_92' title='bbox 637 1499 742 1561; x_wconf 89' lang='lat' dir='ltr'><strong>lubrici</strong></span> <span class='ocrx_word' id='word_1_93' title='bbox 756 1515 868 1558; x_wconf 89' lang='lat' dir='ltr'><strong>ueneno</strong></span> <span class='ocrx_word' id='word_1_94' title='bbox 884 1501 1029 1573; x_wconf 90' lang='lat' dir='ltr'><strong>serpentis</strong></span> <span class='ocrx_word' id='word_1_95' title='bbox 1046 1500 1175 1560; x_wconf 90' lang='lat' dir='ltr'><strong>sauciata</strong></span> <span class='ocrx_word' id='word_1_96' title='bbox 1188 1500 1220 1560; x_wconf 91' lang='lat' dir='ltr'><strong>in</strong></span> <span class='ocrx_word' id='word_1_97' title='bbox 1234 1501 1347 1575; x_wconf 90' lang='lat' dir='ltr'><strong>lapsum</strong></span> <span class='ocrx_word' id='word_1_98' title='bbox 1363 1518 1515 1563; x_wconf 88' lang='lat' dir='ltr'><strong>conuersa:</strong></span> 
     </span>
     <span class='ocr_line' id='line_1_13' title="bbox 378 1600 1520 1675; baseline 0.002 -15"><span class='ocrx_word' id='word_1_99' title='bbox 378 1619 451 1674; x_wconf 90' lang='lat' dir='ltr'><strong>quae</strong></span> <span class='ocrx_word' id='word_1_100' title='bbox 478 1600 600 1660; x_wconf 89' lang='lat' dir='ltr'><strong>ulterius</strong></span> <span class='ocrx_word' id='word_1_101' title='bbox 622 1620 679 1662; x_wconf 94' lang='lat' dir='ltr'><strong>non</strong></span> <span class='ocrx_word' id='word_1_102' title='bbox 698 1605 818 1675; x_wconf 87' lang='lat' dir='ltr'><strong>possent</strong></span> <span class='ocrx_word' id='word_1_103' title='bbox 838 1618 925 1675; x_wconf 90' lang='lat' dir='ltr'><strong>super</strong></span> <span class='ocrx_word' id='word_1_104' title='bbox 945 1602 1074 1674; x_wconf 88' lang='lat' dir='ltr'><strong>aspidem</strong></span> <span class='ocrx_word' id='word_1_105' title='bbox 1096 1605 1126 1661; x_wconf 90' lang='lat' dir='ltr'><strong>et</strong></span> <span class='ocrx_word' id='word_1_106' title='bbox 1140 1602 1307 1662; x_wconf 87' lang='lat' dir='ltr'><strong>basiliscum</strong></span> <span class='ocrx_word' id='word_1_107' title='bbox 1330 1604 1520 1663; x_wconf 78' lang='lat' dir='ltr'><strong>conscendere</strong></span> 
     </span>
    </p>
   </div>
   <div class='ocr_carea' id='block_1_3' title="bbox 378 1703 1636 1778">
    <p class='ocr_par' dir='ltr' id='par_1_5' title="bbox 378 1703 1636 1778">
     <span class='ocr_line' id='line_1_14' title="bbox 378 1703 1636 1778; baseline 0.001 -16"><span class='ocrx_word' id='word_1_108' title='bbox 378 1706 409 1763; x_wconf 89' lang='lat' dir='ltr'><strong>et</strong></span> <span class='ocrx_word' id='word_1_109' title='bbox 423 1704 574 1763; x_wconf 86' lang='lat' dir='ltr'><strong>draconem</strong></span> <span class='ocrx_word' id='word_1_110' title='bbox 593 1707 623 1764; x_wconf 91' lang='lat' dir='ltr'><strong>et</strong></span> <span class='ocrx_word' id='word_1_111' title='bbox 645 1704 756 1764; x_wconf 89' lang='lat' dir='ltr'><strong>leonem</strong></span> <span class='ocrx_word' id='word_1_112' title='bbox 782 1703 903 1763; x_wconf 80' lang='lat' dir='ltr'><strong>calcare.</strong></span> <span class='ocrx_word' id='word_1_113' title='bbox 927 1720 1013 1776; x_wconf 86' lang='lat' dir='ltr'><strong>qnam</strong></span> <span class='ocrx_word' id='word_1_114' title='bbox 1040 1706 1212 1778; x_wconf 91' lang='lat' dir='ltr'><strong>potestatem</strong></span> <span class='ocrx_word' id='word_1_115' title='bbox 1238 1705 1362 1764; x_wconf 79' lang='lat' dir='ltr'><strong>tradidit</strong></span> <span class='ocrx_word' id='word_1_116' title='bbox 1380 1703 1520 1765; x_wconf 89' lang='lat' dir='ltr'><strong>Dominus</strong></span> <span class='ocrx_word' id='word_1_117' title='bbox 1634 1758 1636 1763; x_wconf 90' lang='lat'><em>.</em></span> 
     </span>
    </p>
   </div>
   <div class='ocr_carea' id='block_1_4' title="bbox 279 1805 1577 3406">
    <p class='ocr_par' dir='ltr' id='par_1_6' title="bbox 279 1805 1577 3406">
     <span class='ocr_line' id='line_1_15' title="bbox 380 1805 1519 1881; baseline 0 -17"><span class='ocrx_word' id='word_1_118' title='bbox 380 1805 530 1878; x_wconf 86' lang='lat' dir='ltr'><strong>discipulis</strong></span> <span class='ocrx_word' id='word_1_119' title='bbox 545 1805 616 1876; x_wconf 89' lang='lat' dir='ltr'><strong>suis,</strong></span> <span class='ocrx_word' id='word_1_120' title='bbox 632 1805 708 1865; x_wconf 90' lang='lat' dir='ltr'><strong>sicut</strong></span> <span class='ocrx_word' id='word_1_121' title='bbox 723 1805 754 1864; x_wconf 92' lang='lat' dir='ltr'><strong>in</strong></span> <span class='ocrx_word' id='word_1_122' title='bbox 769 1806 920 1878; x_wconf 80' lang='lat' dir='ltr'><strong>euangelio</strong></span> <span class='ocrx_word' id='word_1_123' title='bbox 937 1806 989 1864; x_wconf 88' lang='lat' dir='ltr'><strong>ait.</strong></span> <span class='ocrx_word' id='word_1_124' title='bbox 1015 1822 1096 1864; x_wconf 91' lang='lat' dir='ltr'><strong>ecce</strong></span> <span class='ocrx_word' id='word_1_125' title='bbox 1111 1807 1153 1866; x_wconf 93' lang='lat' dir='ltr'><strong>do</strong></span> <span class='ocrx_word' id='word_1_126' title='bbox 1169 1807 1276 1867; x_wconf 88' lang='lat' dir='ltr'><strong>uobis</strong></span> <span class='ocrx_word' id='word_1_127' title='bbox 1291 1808 1519 1881; x_wconf 89' lang='lat' dir='ltr'><strong>potestatem</strong></span> 
     </span>
     <span class='ocr_line' id='line_1_16' title="bbox 345 1906 1519 1980; baseline -0.002 -14"><span class='ocrx_word' id='word_1_128' title='bbox 345 1907 683 1978; x_wconf 71' lang='lat' dir='ltr'><strong>recoleretisuper</strong></span> <span class='ocrx_word' id='word_1_129' title='bbox 711 1924 846 1967; x_wconf 94' lang='lat' dir='ltr'><strong>omnem</strong></span> <span class='ocrx_word' id='word_1_130' title='bbox 869 1909 1050 1966; x_wconf 89' lang='lat' dir='ltr'><strong>uirtutem</strong></span> <span class='ocrx_word' id='word_1_131' title='bbox 1073 1906 1220 1966; x_wconf 88' lang='lat' dir='ltr'><strong>inimici</strong></span> <span class='ocrx_word' id='word_1_132' title='bbox 1242 1910 1281 1966; x_wconf 88' lang='lat' dir='ltr'><strong>at</strong></span> <span class='ocrx_word' id='word_1_133' title='bbox 1310 1923 1421 1980; x_wconf 89' lang='lat' dir='ltr'><strong>super</strong></span> <span class='ocrx_word' id='word_1_134' title='bbox 1443 1922 1519 1966; x_wconf 88' lang='lat' dir='ltr'><strong>ser·</strong></span> 
     </span>
     <span class='ocr_line' id='line_1_17' title="bbox 380 2008 1521 2083; baseline -0.003 -14"><span class='ocrx_word' id='word_1_135' title='bbox 380 2012 510 2083; x_wconf 88' lang='lat' dir='ltr'><strong>pentes</strong></span> <span class='ocrx_word' id='word_1_136' title='bbox 532 2013 567 2069; x_wconf 89' lang='lat' dir='ltr'><strong>at</strong></span> <span class='ocrx_word' id='word_1_137' title='bbox 594 2009 831 2083; x_wconf 84' lang='lat' dir='ltr'><strong>scorpiones,</strong></span> <span class='ocrx_word' id='word_1_138' title='bbox 866 2014 993 2069; x_wconf 91' lang='lat' dir='ltr'><strong>etnen</strong></span> <span class='ocrx_word' id='word_1_139' title='bbox 1020 2009 1211 2082; x_wconf 87' lang='lat' dir='ltr'><strong>nocebunt</strong></span> <span class='ocrx_word' id='word_1_140' title='bbox 1234 2026 1306 2069; x_wconf 87' lang='lat' dir='ltr'><strong>uos.</strong></span> <span class='ocrx_word' id='word_1_141' title='bbox 1341 2010 1406 2068; x_wconf 87' lang='lat' dir='ltr'><strong>istis</strong></span> <span class='ocrx_word' id='word_1_142' title='bbox 1430 2008 1521 2081; x_wconf 81' lang='lat' dir='ltr'><strong>igitur</strong></span> 
     </span>
     <span class='ocr_line' id='line_1_18' title="bbox 380 2110 1519 2185; baseline -0.003 -14"><span class='ocrx_word' id='word_1_143' title='bbox 380 2115 424 2172; x_wconf 90' lang='lat' dir='ltr'><strong>tot</strong></span> <span class='ocrx_word' id='word_1_144' title='bbox 439 2115 469 2170; x_wconf 91' lang='lat' dir='ltr'><strong>et</strong></span> <span class='ocrx_word' id='word_1_145' title='bbox 483 2112 574 2171; x_wconf 90' lang='lat' dir='ltr'><strong>tantis</strong></span> <span class='ocrx_word' id='word_1_146' title='bbox 588 2110 726 2185; x_wconf 79' lang='lat' dir='ltr'><strong>malignis</strong></span> <span class='ocrx_word' id='word_1_147' title='bbox 752 2110 904 2184; x_wconf 84' lang='lat' dir='ltr'><strong>spiritibus</strong></span> <span class='ocrx_word' id='word_1_148' title='bbox 925 2110 1131 2171; x_wconf 85' lang='lat' dir='ltr'><strong>infestantibus</strong></span> <span class='ocrx_word' id='word_1_149' title='bbox 1151 2113 1181 2170; x_wconf 92' lang='lat' dir='ltr'><strong>et</strong></span> <span class='ocrx_word' id='word_1_150' title='bbox 1202 2112 1232 2169; x_wconf 91' lang='lat' dir='ltr'><strong>in</strong></span> <span class='ocrx_word' id='word_1_151' title='bbox 1246 2110 1392 2184; x_wconf 90' lang='lat' dir='ltr'><strong>lapsorum</strong></span> <span class='ocrx_word' id='word_1_152' title='bbox 1421 2125 1519 2169; x_wconf 87' lang='lat' dir='ltr'><strong>neocm</strong></span> 
     </span>
     <span class='ocr_line' id='line_1_19' title="bbox 279 2211 1520 2289; baseline -0.003 -15"><span class='ocrx_word' id='word_1_153' title='bbox 279 2280 282 2285; x_wconf 59' lang='grc'><strong>,</strong></span> <span class='ocrx_word' id='word_1_154' title='bbox 381 2214 598 2289; x_wconf 79' lang='lat' dir='ltr'><strong>insurgentibus</strong></span> <span class='ocrx_word' id='word_1_155' title='bbox 623 2213 740 2287; x_wconf 91' lang='lat' dir='ltr'><strong>prouisa</strong></span> <span class='ocrx_word' id='word_1_156' title='bbox 765 2216 811 2271; x_wconf 90' lang='lat' dir='ltr'><strong>est</strong></span> <span class='ocrx_word' id='word_1_157' title='bbox 841 2213 1001 2272; x_wconf 88' lang='lat' dir='ltr'><strong>uulneratis</strong></span> <span class='ocrx_word' id='word_1_158' title='bbox 1027 2211 1132 2272; x_wconf 90' lang='lat' dir='ltr'><strong>salutis</strong></span> <span class='ocrx_word' id='word_1_159' title='bbox 1159 2211 1207 2272; x_wconf 90' lang='lat' dir='ltr'><strong>uia</strong></span> <span class='ocrx_word' id='word_1_160' title='bbox 1233 2215 1266 2271; x_wconf 92' lang='lat' dir='ltr'><strong>ut</strong></span> <span class='ocrx_word' id='word_1_161' title='bbox 1292 2211 1520 2287; x_wconf 86' lang='lat' dir='ltr'><strong>quibuscumque</strong></span> 
     </span>
     <span class='ocr_line' id='line_1_20' title="bbox 383 2312 1520 2388; baseline -0.003 -13"><span class='ocrx_word' id='word_1_162' title='bbox 383 2314 494 2375; x_wconf 87' lang='lat' dir='ltr'><strong>uiribus</strong></span> <span class='ocrx_word' id='word_1_163' title='bbox 513 2318 632 2388; x_wconf 83' lang='lat' dir='ltr'><strong>possent</strong></span> <span class='ocrx_word' id='word_1_164' title='bbox 645 2316 706 2373; x_wconf 91' lang='lat' dir='ltr'><strong>toto</strong></span> <span class='ocrx_word' id='word_1_165' title='bbox 721 2330 752 2372; x_wconf 91' lang='lat' dir='ltr'><strong>se</strong></span> <span class='ocrx_word' id='word_1_166' title='bbox 768 2330 885 2387; x_wconf 87' lang='lat' dir='ltr'><strong>corpore</strong></span> <span class='ocrx_word' id='word_1_167' title='bbox 900 2314 1077 2386; x_wconf 85' lang='lat' dir='ltr'><strong>protrahere,</strong></span> <span class='ocrx_word' id='word_1_168' title='bbox 1104 2313 1208 2373; x_wconf 89' lang='lat' dir='ltr'><strong>castris</strong></span> <span class='ocrx_word' id='word_1_169' title='bbox 1223 2312 1285 2372; x_wconf 88' lang='lat' dir='ltr'><strong>suis</strong></span> <span class='ocrx_word' id='word_1_170' title='bbox 1299 2313 1436 2386; x_wconf 87' lang='lat' dir='ltr'><strong>recipere,</strong></span> <span class='ocrx_word' id='word_1_171' title='bbox 1452 2313 1520 2387; x_wconf 87' lang='lat' dir='ltr'><strong>qni·</strong></span> 
     </span>
     <span class='ocr_line' id='line_1_21' title="bbox 348 2414 1522 2490; baseline 0.002 -17"><span class='ocrx_word' id='word_1_172' title='bbox 348 2419 438 2477; x_wconf 82' lang='lat' dir='ltr'><strong>aobus</strong></span> <span class='ocrx_word' id='word_1_173' title='bbox 461 2417 567 2489; x_wconf 90' lang='lat' dir='ltr'><strong>recepti</strong></span> <span class='ocrx_word' id='word_1_174' title='bbox 590 2417 707 2489; x_wconf 91' lang='lat' dir='ltr'><strong>possent</strong></span> <span class='ocrx_word' id='word_1_175' title='bbox 721 2415 854 2474; x_wconf 88' lang='lat' dir='ltr'><strong>medellis</strong></span> <span class='ocrx_word' id='word_1_176' title='bbox 875 2415 1056 2487; x_wconf 86' lang='lat' dir='ltr'><strong>spiritalibus</strong></span> <span class='ocrx_word' id='word_1_177' title='bbox 1071 2414 1191 2474; x_wconf 89' lang='lat' dir='ltr'><strong>uulnera</strong></span> <span class='ocrx_word' id='word_1_178' title='bbox 1206 2432 1260 2474; x_wconf 89' lang='lat' dir='ltr'><strong>sua</strong></span> <span class='ocrx_word' id='word_1_179' title='bbox 1274 2432 1381 2475; x_wconf 90' lang='lat' dir='ltr'><strong>curare.</strong></span> <span class='ocrx_word' id='word_1_180' title='bbox 1405 2418 1522 2490; x_wconf 84' lang='lat' dir='ltr'><strong>recepta</strong></span> 
     </span>
     <span class='ocr_line' id='line_1_22' title="bbox 383 2515 1577 2592; baseline -0.003 -15"><span class='ocrx_word' id='word_1_181' title='bbox 383 2519 473 2592; x_wconf 74' lang='lat' dir='ltr'><strong>igitur</strong></span> <span class='ocrx_word' id='word_1_182' title='bbox 495 2519 627 2578; x_wconf 87' lang='lat' dir='ltr'><strong>columba</strong></span> <span class='ocrx_word' id='word_1_183' title='bbox 653 2517 752 2591; x_wconf 88' lang='lat' dir='ltr'><strong>paucis</strong></span> <span class='ocrx_word' id='word_1_184' title='bbox 778 2517 867 2576; x_wconf 91' lang='lat' dir='ltr'><strong>etiam</strong></span> <span class='ocrx_word' id='word_1_185' title='bbox 893 2515 996 2575; x_wconf 91' lang='lat' dir='ltr'><strong>diebus</strong></span> <span class='ocrx_word' id='word_1_186' title='bbox 1021 2516 1181 2575; x_wconf 88' lang='lat' dir='ltr'><strong>interiectis</strong></span> <span class='ocrx_word' id='word_1_187' title='bbox 1198 2517 1301 2576; x_wconf 91' lang='lat' dir='ltr'><strong>iterato</strong></span> <span class='ocrx_word' id='word_1_188' title='bbox 1328 2516 1472 2576; x_wconf 89' lang='lat' dir='ltr'><strong>emittitur</strong></span> <span class='ocrx_word' id='word_1_189' title='bbox 1486 2533 1521 2575; x_wconf 85' lang='lat' dir='ltr'><strong>ex</strong></span> <span class='ocrx_word' id='word_1_190' title='bbox 1574 2543 1577 2550; x_wconf 95' lang='lat'>·</span> 
     </span>
     <span class='ocr_line' id='line_1_23' title="bbox 382 2609 1522 2695; baseline -0.004 -14"><span class='ocrx_word' id='word_1_191' title='bbox 382 2638 465 2681; x_wconf 80' lang='lat' dir='ltr'><strong>arra:</strong></span> <span class='ocrx_word' id='word_1_192' title='bbox 488 2638 561 2695; x_wconf 87' lang='lat' dir='ltr'><strong>quae</strong></span> <span class='ocrx_word' id='word_1_193' title='bbox 586 2635 703 2680; x_wconf 90' lang='lat' dir='ltr'><strong>reuersa</strong></span> <span class='ocrx_word' id='word_1_194' title='bbox 728 2635 785 2679; x_wconf 89' lang='lat' dir='ltr'><strong>uon</strong></span> <span class='ocrx_word' id='word_1_195' title='bbox 811 2623 924 2679; x_wconf 89' lang='lat' dir='ltr'><strong>tantum</strong></span> <span class='ocrx_word' id='word_1_196' title='bbox 953 2609 1036 2677; x_wconf 83' lang='lat' dir='ltr'><strong>firma</strong></span> <span class='ocrx_word' id='word_1_197' title='bbox 1061 2617 1186 2691; x_wconf 78' lang='lat' dir='ltr'><strong>uestigia</strong></span> <span class='ocrx_word' id='word_1_198' title='bbox 1200 2618 1251 2676; x_wconf 89' lang='lat' dir='ltr'><strong>sed</strong></span> <span class='ocrx_word' id='word_1_199' title='bbox 1266 2620 1296 2677; x_wconf 89' lang='lat' dir='ltr'><strong>et</strong></span> <span class='ocrx_word' id='word_1_200' title='bbox 1310 2618 1439 2692; x_wconf 76' lang='lat' dir='ltr'><strong>iusignia</strong></span> <span class='ocrx_word' id='word_1_201' title='bbox 1453 2633 1522 2677; x_wconf 92' lang='lat' dir='ltr'><strong>suae</strong></span> 
     </span>
     <span class='ocr_line' id='line_1_24' title="bbox 384 2719 1523 2796; baseline -0.005 -14"><span class='ocrx_word' id='word_1_202' title='bbox 384 2723 464 2796; x_wconf 88' lang='lat' dir='ltr'><strong>pacis</strong></span> <span class='ocrx_word' id='word_1_203' title='bbox 478 2727 564 2796; x_wconf 90' lang='lat' dir='ltr'><strong>atque</strong></span> <span class='ocrx_word' id='word_1_204' title='bbox 579 2723 717 2782; x_wconf 87' lang='lat' dir='ltr'><strong>uictoriae</strong></span> <span class='ocrx_word' id='word_1_205' title='bbox 732 2737 784 2794; x_wconf 94' lang='lat' dir='ltr'><strong>per</strong></span> <span class='ocrx_word' id='word_1_206' title='bbox 798 2719 852 2778; x_wconf 92' lang='lat' dir='ltr'><strong>illa</strong></span> <span class='ocrx_word' id='word_1_207' title='bbox 865 2722 946 2780; x_wconf 88' lang='lat' dir='ltr'><strong>oleae</strong></span> <span class='ocrx_word' id='word_1_208' title='bbox 961 2720 1032 2779; x_wconf 85' lang='lat' dir='ltr'><strong>lolia</strong></span> <span class='ocrx_word' id='word_1_209' title='bbox 1046 2735 1120 2792; x_wconf 88' lang='lat' dir='ltr'><strong>quae</strong></span> <span class='ocrx_word' id='word_1_210' title='bbox 1136 2736 1187 2778; x_wconf 93' lang='lat' dir='ltr'><strong>suo</strong></span> <span class='ocrx_word' id='word_1_211' title='bbox 1208 2736 1257 2778; x_wconf 90' lang='lat' dir='ltr'><strong>ore</strong></span> <span class='ocrx_word' id='word_1_212' title='bbox 1272 2719 1408 2792; x_wconf 88' lang='lat' dir='ltr'><strong>portabat</strong></span> <span class='ocrx_word' id='word_1_213' title='bbox 1422 2720 1523 2778; x_wconf 91' lang='lat' dir='ltr'><strong>osten·</strong></span> 
     </span>
     <span class='ocr_line' id='line_1_25' title="bbox 384 2818 1522 2897; baseline -0.004 -14"><span class='ocrx_word' id='word_1_214' title='bbox 384 2824 436 2883; x_wconf 90' lang='lat' dir='ltr'><strong>dit.</strong></span> <span class='ocrx_word' id='word_1_215' title='bbox 460 2824 564 2897; x_wconf 84' lang='lat' dir='ltr'><strong>duplex</strong></span> <span class='ocrx_word' id='word_1_216' title='bbox 589 2839 657 2896; x_wconf 62' lang='lat' dir='ltr'><strong>ergo</strong></span> <span class='ocrx_word' id='word_1_217' title='bbox 683 2821 736 2881; x_wconf 90' lang='lat' dir='ltr'><strong>illa</strong></span> <span class='ocrx_word' id='word_1_218' title='bbox 766 2822 881 2881; x_wconf 89' lang='lat' dir='ltr'><strong>emissio</strong></span> <span class='ocrx_word' id='word_1_219' title='bbox 910 2819 1052 2895; x_wconf 88' lang='lat' dir='ltr'><strong>duplicem</strong></span> <span class='ocrx_word' id='word_1_220' title='bbox 1085 2819 1168 2879; x_wconf 93' lang='lat' dir='ltr'><strong>nobis</strong></span> <span class='ocrx_word' id='word_1_221' title='bbox 1193 2818 1400 2892; x_wconf 86' lang='lat' dir='ltr'><strong>persecutionis</strong></span> <span class='ocrx_word' id='word_1_222' title='bbox 1426 2821 1522 2893; x_wconf 92' lang='lat' dir='ltr'><strong>temp-</strong></span> 
     </span>
     <span class='ocr_line' id='line_1_26' title="bbox 349 2921 1522 2999; baseline -0.005 -12"><span class='ocrx_word' id='word_1_223' title='bbox 349 2926 521 2987; x_wconf 80' lang='lat' dir='ltr'><strong>rstutionem</strong></span> <span class='ocrx_word' id='word_1_224' title='bbox 550 2925 690 2986; x_wconf 85' lang='lat' dir='ltr'><strong>ostendit:</strong></span> <span class='ocrx_word' id='word_1_225' title='bbox 713 2925 807 2999; x_wconf 90' lang='lat' dir='ltr'><strong>prima</strong></span> <span class='ocrx_word' id='word_1_226' title='bbox 832 2923 862 2982; x_wconf 93' lang='lat' dir='ltr'><strong>in</strong></span> <span class='ocrx_word' id='word_1_227' title='bbox 888 2941 946 2998; x_wconf 89' lang='lat' dir='ltr'><strong>qua</strong></span> <span class='ocrx_word' id='word_1_228' title='bbox 971 2923 1022 2997; x_wconf 89' lang='lat' dir='ltr'><strong>qui</strong></span> <span class='ocrx_word' id='word_1_229' title='bbox 1049 2923 1124 2997; x_wconf 90' lang='lat' dir='ltr'><strong>lapsi</strong></span> <span class='ocrx_word' id='word_1_230' title='bbox 1149 2924 1218 2981; x_wconf 90' lang='lat' dir='ltr'><strong>suut</strong></span> <span class='ocrx_word' id='word_1_231' title='bbox 1247 2921 1319 2980; x_wconf 91' lang='lat' dir='ltr'><strong>uicti</strong></span> <span class='ocrx_word' id='word_1_232' title='bbox 1347 2922 1522 2995; x_wconf 89' lang='lat' dir='ltr'><strong>oeciderunt,</strong></span> 
     </span>
     <span class='ocr_line' id='line_1_27' title="bbox 383 3024 1521 3102; baseline -0.004 -15"><span class='ocrx_word' id='word_1_233' title='bbox 383 3029 509 3088; x_wconf 87' lang='lat' dir='ltr'><strong>secunda</strong></span> <span class='ocrx_word' id='word_1_234' title='bbox 522 3028 552 3086; x_wconf 93' lang='lat' dir='ltr'><strong>in</strong></span> <span class='ocrx_word' id='word_1_235' title='bbox 567 3045 624 3102; x_wconf 90' lang='lat' dir='ltr'><strong>qua</strong></span> <span class='ocrx_word' id='word_1_236' title='bbox 639 3028 671 3086; x_wconf 90' lang='lat' dir='ltr'><strong>hi</strong></span> <span class='ocrx_word' id='word_1_237' title='bbox 686 3026 742 3098; x_wconf 89' lang='lat' dir='ltr'><strong>ipsi</strong></span> <span class='ocrx_word' id='word_1_238' title='bbox 758 3026 809 3099; x_wconf 89' lang='lat' dir='ltr'><strong>qui</strong></span> <span class='ocrx_word' id='word_1_239' title='bbox 834 3025 999 3085; x_wconf 87' lang='lat' dir='ltr'><strong>cecideruut</strong></span> <span class='ocrx_word' id='word_1_240' title='bbox 1025 3025 1149 3085; x_wconf 90' lang='lat' dir='ltr'><strong>uictores</strong></span> <span class='ocrx_word' id='word_1_241' title='bbox 1164 3024 1332 3085; x_wconf 86' lang='lat' dir='ltr'><strong>extiterunt.</strong></span> <span class='ocrx_word' id='word_1_242' title='bbox 1356 3024 1430 3083; x_wconf 92' lang='lat' dir='ltr'><strong>nulli</strong></span> <span class='ocrx_word' id='word_1_243' title='bbox 1445 3024 1521 3085; x_wconf 94' lang='lat' dir='ltr'><strong>enim</strong></span> 
     </span>
     <span class='ocr_line' id='line_1_28' title="bbox 384 3118 1523 3202; baseline -0.005 -13"><span class='ocrx_word' id='word_1_244' title='bbox 384 3133 512 3191; x_wconf 66' lang='lat' dir='ltr'><strong>nostum</strong></span> <span class='ocrx_word' id='word_1_245' title='bbox 528 3127 644 3188; x_wconf 89' lang='lat' dir='ltr'><strong>dubium</strong></span> <span class='ocrx_word' id='word_1_246' title='bbox 660 3127 708 3187; x_wconf 89' lang='lat' dir='ltr'><strong>uel</strong></span> <span class='ocrx_word' id='word_1_247' title='bbox 723 3118 869 3187; x_wconf 74' lang='lat' dir='ltr'><strong>mcertum&#39;</strong></span> <span class='ocrx_word' id='word_1_248' title='bbox 880 3129 935 3197; x_wconf 89' lang='lat' dir='ltr'><strong>est,</strong></span> <span class='ocrx_word' id='word_1_249' title='bbox 952 3127 1057 3185; x_wconf 86' lang='lat' dir='ltr'><strong>iratres</strong></span> <span class='ocrx_word' id='word_1_250' title='bbox 1073 3124 1265 3202; x_wconf 86' lang='lat' dir='ltr'><strong>dilectissimi,</strong></span> <span class='ocrx_word' id='word_1_251' title='bbox 1281 3123 1349 3183; x_wconf 90' lang='lat' dir='ltr'><strong>illos</strong></span> <span class='ocrx_word' id='word_1_252' title='bbox 1364 3125 1415 3199; x_wconf 87' lang='lat' dir='ltr'><strong>qui</strong></span> <span class='ocrx_word' id='word_1_253' title='bbox 1430 3123 1523 3198; x_wconf 89' lang='lat' dir='ltr'><strong>prima</strong></span> 
     </span>
     <span class='ocr_line' id='line_1_29' title="bbox 384 3225 1526 3303; baseline -0.005 -12"><span class='ocrx_word' id='word_1_254' title='bbox 384 3232 445 3292; x_wconf 87' lang='lat' dir='ltr'><strong>acia</strong></span> <span class='ocrx_word' id='word_1_255' title='bbox 459 3232 489 3290; x_wconf 92' lang='lat' dir='ltr'><strong>id</strong></span> <span class='ocrx_word' id='word_1_256' title='bbox 504 3235 550 3290; x_wconf 89' lang='lat' dir='ltr'><strong>est</strong></span> <span class='ocrx_word' id='word_1_257' title='bbox 574 3231 699 3289; x_wconf 89' lang='lat' dir='ltr'><strong>Deciana</strong></span> <span class='ocrx_word' id='word_1_258' title='bbox 724 3230 921 3303; x_wconf 87' lang='lat' dir='ltr'><strong>persecutione</strong></span> <span class='ocrx_word' id='word_1_259' title='bbox 949 3227 1093 3286; x_wconf 90' lang='lat' dir='ltr'><strong>uulnerati</strong></span> <span class='ocrx_word' id='word_1_260' title='bbox 1118 3227 1235 3286; x_wconf 83' lang='lat' dir='ltr'><strong>fuerunt</strong></span> <span class='ocrx_word' id='word_1_261' title='bbox 1250 3226 1303 3285; x_wconf 92' lang='lat' dir='ltr'><strong>bos</strong></span> <span class='ocrx_word' id='word_1_262' title='bbox 1318 3231 1420 3298; x_wconf 90' lang='lat' dir='ltr'><strong>postea</strong></span> <span class='ocrx_word' id='word_1_263' title='bbox 1434 3225 1464 3284; x_wconf 93' lang='lat' dir='ltr'><strong>id</strong></span> <span class='ocrx_word' id='word_1_264' title='bbox 1480 3230 1526 3285; x_wconf 89' lang='lat' dir='ltr'><strong>est</strong></span> 
     </span>
     <span class='ocr_line' id='line_1_30' title="bbox 385 3325 1525 3406; baseline -0.008 -12"><span class='ocrx_word' id='word_1_265' title='bbox 385 3336 507 3394; x_wconf 83' lang='lat' dir='ltr'><strong>secundo</strong></span> <span class='ocrx_word' id='word_1_266' title='bbox 536 3332 643 3406; x_wconf 90' lang='lat' dir='ltr'><strong>proelio</strong></span> <span class='ocrx_word' id='word_1_267' title='bbox 673 3334 716 3391; x_wconf 91' lang='lat' dir='ltr'><strong>ita</strong></span> <span class='ocrx_word' id='word_1_268' title='bbox 740 3331 854 3391; x_wconf 85' lang='lat' dir='ltr'><strong>fortiter</strong></span> <span class='ocrx_word' id='word_1_269' title='bbox 879 3345 1095 3403; x_wconf 86' lang='lat' dir='ltr'><strong>perseuerasse,</strong></span> <span class='ocrx_word' id='word_1_270' title='bbox 1126 3332 1160 3387; x_wconf 90' lang='lat' dir='ltr'><strong>ut</strong></span> <span class='ocrx_word' id='word_1_271' title='bbox 1189 3330 1404 3387; x_wconf 86' lang='lat' dir='ltr'><strong>contemnentes</strong></span> <span class='ocrx_word' id='word_1_272' title='bbox 1430 3325 1525 3387; x_wconf 84' lang='lat' dir='ltr'><strong>edicta</strong></span> 
     </span>
    </p>
   </div>
   <div class='ocr_carea' id='block_1_5' title="bbox 455 3557 1403 3634">
    <p class='ocr_par' dir='ltr' id='par_1_7' title="bbox 455 3557 1403 3634">
     <span class='ocr_line' id='line_1_31' title="bbox 455 3557 1403 3634; baseline -0.012 -15"><span class='ocrx_word' id='word_1_273' title='bbox 455 3565 571 3634; x_wconf 78' lang='lat' dir='ltr'><strong>bSoph.</strong></span> <span class='ocrx_word' id='word_1_274' title='bbox 590 3565 615 3628; x_wconf 86' lang='lat'><strong>3,</strong></span> <span class='ocrx_word' id='word_1_275' title='bbox 635 3564 658 3616; x_wconf 92' lang='lat'><strong>1.</strong></span> <span class='ocrx_word' id='word_1_276' title='bbox 676 3565 701 3615; x_wconf 89' lang='grc'><strong>2.</strong></span> <span class='ocrx_word' id='word_1_277' title='bbox 810 3562 842 3614; x_wconf 90' lang='grc'><strong>12</strong></span> <span class='ocrx_word' id='word_1_278' title='bbox 860 3563 894 3614; x_wconf 83' lang='lat' dir='ltr'><strong>cs.</strong></span> <span class='ocrx_word' id='word_1_279' title='bbox 913 3560 957 3613; x_wconf 84' lang='lat' dir='ltr'><strong>Ps.</strong></span> <span class='ocrx_word' id='word_1_280' title='bbox 975 3561 1018 3623; x_wconf 83' lang='lat'><strong>90,</strong></span> <span class='ocrx_word' id='word_1_281' title='bbox 1038 3560 1078 3612; x_wconf 83' lang='lat'><strong>13.</strong></span> <span class='ocrx_word' id='word_1_282' title='bbox 1185 3558 1218 3611; x_wconf 86' lang='lat'><strong>14</strong></span> <span class='ocrx_word' id='word_1_283' title='bbox 1236 3557 1298 3610; x_wconf 89' lang='lat' dir='ltr'><strong>Luc.</strong></span> <span class='ocrx_word' id='word_1_284' title='bbox 1317 3557 1359 3621; x_wconf 88' lang='lat'><strong>10,</strong></span> <span class='ocrx_word' id='word_1_285' title='bbox 1378 3559 1403 3611; x_wconf 84' lang='lat'><strong>9.</strong></span> 
     </span>
    </p>
   </div>
   <div class='ocr_carea' id='block_1_6' title="bbox 385 3771 1545 4274">
    <p class='ocr_par' dir='ltr' id='par_1_8' title="bbox 385 3771 1545 4274">
     <span class='ocr_line' id='line_1_32' title="bbox 455 3771 1545 3839; baseline -0.008 -8"><span class='ocrx_word' id='word_1_286' title='bbox 455 3776 739 3839; x_wconf 90' lang='lat' dir='ltr'><strong>lillumK,eumo</strong></span> <span class='ocrx_word' id='word_1_287' title='bbox 871 3771 1063 3829; x_wconf 77' lang='lat' dir='ltr'><strong>dtimereK¹</strong></span> <span class='ocrx_word' id='word_1_288' title='bbox 1190 3772 1368 3824; x_wconf 78' lang='lat' dir='ltr'><strong>bsicocac</strong></span> <span class='ocrx_word' id='word_1_289' title='bbox 1498 3771 1545 3822; x_wconf 54' lang='lat' dir='ltr'><strong>et¹</strong></span> 
     </span>
     <span class='ocr_line' id='line_1_33' title="bbox 385 3854 1494 3933; baseline -0.012 -12"><span class='ocrx_word' id='word_1_290' title='bbox 385 3880 471 3921; x_wconf 73' lang='lat' dir='ltr'><strong>orac</strong></span> <span class='ocrx_word' id='word_1_291' title='bbox 563 3862 604 3933; x_wconf 86' lang='lat' dir='ltr'><strong>ut]</strong></span> <span class='ocrx_word' id='word_1_292' title='bbox 622 3866 650 3916; x_wconf 91' lang='lat' dir='ltr'><strong>et</strong></span> <span class='ocrx_word' id='word_1_293' title='bbox 667 3860 700 3915; x_wconf 87' lang='lat' dir='ltr'><strong><em>K</em></strong></span> <span class='ocrx_word' id='word_1_294' title='bbox 791 3858 853 3914; x_wconf 79' lang='lat' dir='ltr'><strong>lid</strong></span> <span class='ocrx_word' id='word_1_295' title='bbox 872 3860 923 3930; x_wconf 80' lang='lat' dir='ltr'><strong>est]</strong></span> <span class='ocrx_word' id='word_1_296' title='bbox 942 3874 994 3914; x_wconf 92' lang='lat' dir='ltr'><strong>non</strong></span> <span class='ocrx_word' id='word_1_297' title='bbox 1012 3860 1047 3913; x_wconf 93' lang='lat' dir='ltr'><strong>ob</strong></span> <span class='ocrx_word' id='word_1_298' title='bbox 1065 3859 1098 3914; x_wconf 89' lang='lat' dir='ltr'><strong><em>K</em></strong></span> <span class='ocrx_word' id='word_1_299' title='bbox 1189 3858 1299 3928; x_wconf 85' lang='lat' dir='ltr'><strong>ciuitas]</strong></span> <span class='ocrx_word' id='word_1_300' title='bbox 1318 3855 1443 3925; x_wconf 88' lang='lat' dir='ltr'><strong>aequitas</strong></span> <span class='ocrx_word' id='word_1_301' title='bbox 1461 3854 1494 3909; x_wconf 88' lang='lat' dir='ltr'><strong><em>K</em></strong></span> 
     </span>
     <span class='ocr_line' id='line_1_34' title="bbox 386 3938 1495 4014; baseline -0.013 -9"><span class='ocrx_word' id='word_1_302' title='bbox 386 3967 439 4007; x_wconf 93' lang='lat' dir='ltr'><strong>non</strong></span> <span class='ocrx_word' id='word_1_303' title='bbox 456 3966 507 4004; x_wconf 78' lang='lat' dir='ltr'><strong>om.</strong></span> <span class='ocrx_word' id='word_1_304' title='bbox 526 3949 559 4003; x_wconf 89' lang='lat' dir='ltr'><strong><em>K</em></strong></span> <span class='ocrx_word' id='word_1_305' title='bbox 668 3947 702 4002; x_wconf 92' lang='grc'><strong>10</strong></span> <span class='ocrx_word' id='word_1_306' title='bbox 719 3945 849 4014; x_wconf 83' lang='lat' dir='ltr'><strong>inuenire]</strong></span> <span class='ocrx_word' id='word_1_307' title='bbox 868 3946 973 3999; x_wconf 87' lang='lat' dir='ltr'><strong>intuere</strong></span> <span class='ocrx_word' id='word_1_308' title='bbox 991 3944 1024 3998; x_wconf 90' lang='lat' dir='ltr'><strong><em>K</em></strong></span> <span class='ocrx_word' id='word_1_309' title='bbox 1027 3966 1037 4013; x_wconf 90' lang='lat'><em>;</em></span> <span class='ocrx_word' id='word_1_310' title='bbox 1056 3945 1091 4010; x_wconf 75' lang='lat' dir='ltr'><strong>cf.</strong></span> <span class='ocrx_word' id='word_1_311' title='bbox 1106 3960 1128 3998; x_wconf 89' lang='lat' dir='ltr'><strong>c.</strong></span> <span class='ocrx_word' id='word_1_312' title='bbox 1141 3947 1176 3997; x_wconf 84' lang='lat'><strong>15</strong></span> <span class='ocrx_word' id='word_1_313' title='bbox 1289 3943 1320 3996; x_wconf 94' lang='lat'><strong>11</strong></span> <span class='ocrx_word' id='word_1_314' title='bbox 1340 3940 1444 3994; x_wconf 88' lang='lat' dir='ltr'><strong>lubrica</strong></span> <span class='ocrx_word' id='word_1_315' title='bbox 1462 3938 1495 3991; x_wconf 91' lang='lat' dir='ltr'><strong><em>K</em></strong></span> 
     </span>
     <span class='ocr_line' id='line_1_35' title="bbox 385 4026 1490 4106; baseline -0.011 -14"><span class='ocrx_word' id='word_1_316' title='bbox 385 4038 461 4106; x_wconf 84' lang='lat' dir='ltr'><strong>lapso</strong></span> <span class='ocrx_word' id='word_1_317' title='bbox 480 4037 512 4091; x_wconf 88' lang='lat' dir='ltr'><strong><em>K</em></strong></span> <span class='ocrx_word' id='word_1_318' title='bbox 597 4035 629 4089; x_wconf 82' lang='lat' dir='ltr'><strong>lb</strong></span> <span class='ocrx_word' id='word_1_319' title='bbox 646 4035 777 4088; x_wconf 89' lang='lat' dir='ltr'><strong>uirtutem</strong></span> <span class='ocrx_word' id='word_1_320' title='bbox 795 4032 833 4096; x_wconf 88' lang='lat' dir='ltr'><strong>K,</strong></span> <span class='ocrx_word' id='word_1_321' title='bbox 851 4035 1050 4101; x_wconf 84' lang='lat' dir='ltr'><strong>potestateme</strong></span> <span class='ocrx_word' id='word_1_322' title='bbox 1137 4031 1171 4084; x_wconf 87' lang='lat'><strong>16</strong></span> <span class='ocrx_word' id='word_1_323' title='bbox 1189 4045 1238 4083; x_wconf 91' lang='lat' dir='ltr'><strong>uos</strong></span> <span class='ocrx_word' id='word_1_324' title='bbox 1257 4028 1288 4082; x_wconf 87' lang='lat' dir='ltr'><strong><em>K</em></strong></span> <span class='ocrx_word' id='word_1_325' title='bbox 1298 4028 1359 4092; x_wconf 77' lang='lat' dir='ltr'><strong>Er,</strong></span> <span class='ocrx_word' id='word_1_326' title='bbox 1378 4026 1490 4081; x_wconf 81' lang='lat' dir='ltr'><strong>nobiae</strong></span> 
     </span>
     <span class='ocr_line' id='line_1_36' title="bbox 386 4111 1525 4194; baseline -0.011 -16"><span class='ocrx_word' id='word_1_327' title='bbox 386 4122 642 4194; x_wconf 72' lang='lat' dir='ltr'><strong>igitan,ergoo</strong></span> <span class='ocrx_word' id='word_1_328' title='bbox 757 4118 791 4173; x_wconf 76' lang='lat'><strong>1⁷</strong></span> <span class='ocrx_word' id='word_1_329' title='bbox 809 4118 922 4173; x_wconf 87' lang='lat' dir='ltr'><strong>neoeK</strong></span> <span class='ocrx_word' id='word_1_330' title='bbox 1036 4117 1069 4171; x_wconf 83' lang='lat'><strong>19</strong></span> <span class='ocrx_word' id='word_1_331' title='bbox 1087 4117 1220 4171; x_wconf 65' lang='lat' dir='ltr'><strong>sunisK</strong></span> <span class='ocrx_word' id='word_1_332' title='bbox 1339 4111 1525 4176; x_wconf 65' lang='lat' dir='ltr'><strong>idoleaeK,</strong></span> 
     </span>
     <span class='ocr_line' id='line_1_37' title="bbox 386 4202 1208 4274; baseline -0.007 -11"><span class='ocrx_word' id='word_1_333' title='bbox 386 4208 508 4263; x_wconf 84' lang='lat' dir='ltr'><strong>oliuaeo</strong></span> <span class='ocrx_word' id='word_1_334' title='bbox 609 4207 644 4261; x_wconf 82' lang='grc'><strong>24</strong></span> <span class='ocrx_word' id='word_1_335' title='bbox 661 4208 757 4261; x_wconf 89' lang='lat' dir='ltr'><strong>emisio</strong></span> <span class='ocrx_word' id='word_1_336' title='bbox 775 4206 808 4260; x_wconf 92' lang='lat' dir='ltr'><strong><em>K</em></strong></span> <span class='ocrx_word' id='word_1_337' title='bbox 917 4205 953 4258; x_wconf 84' lang='grc'><strong>26</strong></span> <span class='ocrx_word' id='word_1_338' title='bbox 970 4204 1069 4274; x_wconf 72' lang='grc' dir='ltr'><strong>111ιίρεί</strong></span> <span class='ocrx_word' id='word_1_339' title='bbox 1087 4203 1124 4267; x_wconf 84' lang='grc' dir='ltr'><strong>Κ,</strong></span> <span class='ocrx_word' id='word_1_340' title='bbox 1143 4202 1208 4257; x_wconf 84' lang='lat' dir='ltr'><strong>hio</strong></span> 
     </span>
    </p>
   </div>
   <div class='ocr_carea' id='block_1_7' title="bbox 0 0 1872 4920">
    <p class='ocr_par' dir='ltr' id='par_1_9' title="bbox 0 0 1872 4920">
     <span class='ocr_line' id='line_1_38' title="bbox 0 0 1872 4920; baseline 0 0"><span class='ocrx_word' id='word_1_341' title='bbox 0 0 1872 4920; x_wconf 95' lang='lat' dir='ltr'><strong> </strong></span> 
     </span>
    </p>
   </div>
  </div>
 </body>
</html>
