3720 4920
369 302 482 351 XLVIII

369 456 406 504 ex
419 437 590 504 uetustiore
610 439 713 505 eodiee
733 455 794 504 non
815 439 960 505 omnibns
975 438 1115 505 isdemne
1137 439 1257 505 mendis
1272 441 1365 522 atque
1381 437 1407 503 Τ
1421 438 1513 505 labo·

368 550 451 614 nauti
478 552 602 616 seruata
627 568 692 615 esse
717 549 893 633 putandum
920 550 971 614 sit.
1003 549 1227 615 emendationis
1255 551 1361 615 antem
1383 550 1512 614 oonatus

370 659 593 744 aRegineusis
618 660 803 744 eorruptelis
830 660 1077 744 proficiscuntur,
1103 660 1165 726 nisi
1190 661 1272 743 quod
1297 660 1395 726 etiam
1419 677 1512 725 uerae

370 771 542 854 scripturae
571 770 753 837 oonieoturis
782 771 959 858 temerariis
988 774 1129 838 tentatae
1159 772 1240 838 sunt.
1277 790 1339 853 qua
1363 771 1398 835 in
1423 789 1458 836 re
1483 769 1511 835 si

371 882 484 947 menda
508 881 657 947 nonnulla
681 899 780 964 parua
804 880 926 947 seilicet
948 883 981 947 et
1003 880 1109 948 laeilia
1130 884 1213 947 reete
1239 882 1403 948 emendata
1426 884 1510 964 sunt,

239 1008 272 1085 ,'
370 992 429 1058 hoe
443 992 524 1057 nihil
536 992 632 1058 habet
646 993 808 1057 momenti.
831 993 943 1058 horum
966 993 1107 1058 eodieum
1123 993 1369 1059 coniunctionem
1385 992 1510 1075 stirpis·

370 1121 430 1185 que
455 1102 707 1186 propagationem
733 1102 878 1184 quamuis
904 1103 1083 1168 accuratius
1108 1102 1252 1187 intellegi
1273 1103 1354 1167 nihil
1376 1103 1513 1181 intersit,

369 1214 428 1280 hoe
442 1211 573 1279 artifieio
589 1212 755 1296 erplioaui:

867 1325 894 1389 'I

566 1433 620 1521 <o

562 1742 622 1808 pw

229 1876 345 1929 maenus·
372 1850 454 1916 inter
475 1851 625 1934 epistulas
640 1869 712 1917 uero
727 1852 801 1919 illas
816 1853 954 1935 quinquo
969 1856 1044 1920 sunt
1058 1855 1088 1919 8.
1104 1856 1156 1920 21.
1173 1855 1225 1919 22.
1241 1854 1293 1918 23.
1310 1854 1362 1932 24,
1385 1855 1424 1919 de
1440 1855 1511 1936 qui·

206 1944 432 2066 ffiffiffibus
452 1959 504 2026 hie
524 1961 631 2043 paneis
650 1963 807 2047 agendum
829 1965 886 2042 est,
911 1964 986 2048 quia
1001 1982 1053 2029 eas
1067 1982 1128 2029 non
1142 1965 1189 2029 ita
1202 1964 1297 2044 edidi,
1325 1968 1362 2030 ut
1376 1963 1511 2029 edendas

76 2071 79 2077 '
214 2081 357 2135 mmu.
374 2088 439 2136 esse
465 2071 542 2136 bene
569 2071 718 2137 intellexi.
744 2089 803 2138 nou
827 2076 902 2138 sunt
917 2073 1064 2157 Cypriani
1086 2093 1143 2141 neo
1157 2094 1176 2140 a
1190 2075 1269 2140 uiris
1291 2074 1423 2141 eruditis
1438 2093 1511 2140 oon·

374 2181 519 2263 scriptae,
535 2181 589 2247 sed
600 2183 639 2248 ab
652 2182 832 2249 homiuibus
845 2183 900 2266 qui
912 2184 1055 2269 linguam
1069 2184 1203 2251 latinam
1214 2202 1277 2251 non
1287 2185 1377 2250 illam
1390 2185 1510 2251 litteris

372 2294 555 2373 usurpatam
571 2295 603 2359 et
616 2293 813 2375 perpolitam,
831 2293 886 2358 sed
901 2312 964 2375 qua
978 2294 1096 2377 uulgus
1111 2297 1180 2360 tum
1194 2295 1228 2359 in
1238 2294 1348 2359 Afrioa
1362 2295 1511 2359 utebatur

372 2402 541 2469 nouissent
566 2404 659 2485 atque
674 2403 827 2470 sermonis
842 2404 987 2488 uulgaris
1002 2407 1071 2469 tota
1085 2405 1266 2470 deformitas
1279 2406 1408 2488 apparet
1422 2404 1457 2469 iu
1472 2404 1509 2482 Τ,

369 2513 403 2577 in
429 2513 539 2579 oeteris
568 2513 665 2579 uariis
694 2514 879 2580 eonieoturis
910 2516 1077 2581 obscurata
1106 2516 1161 2579 eet.
1193 2514 1239 2580 sio
1268 2514 1386 2598 legitur
1414 2513 1448 2579 in
1475 2531 1510 2579 eo

370 2640 401 2704 p.
415 2622 534 2702 488,12
553 2623 683 2690 madai
697 2643 762 2703 pro
781 2641 888 2689 onnes
909 2623 1068 2710 (meroes
1088 2621 1190 2711 pop),
1213 2624 1405 2704 saepsere
1419 2624 1510 2689 eudo

369 2732 459 2814 factu
482 2733 580 2815 (sueto
599 2753 664 2822 pu,
690 2733 808 2799 rectius
829 2734 929 2816 soei-is
943 2733 988 2819 v),
1013 2719 1184 2815 serape
1197 2751 1334 2815 quaram
1343 2737 1510 2814 peecatum

248 2825 252 2832 '
371 2840 511 2928 pocae
524 2842 603 2930 ew),
624 2843 745 2920 ss1‚1o
760 2863 824 2926 pro
843 2864 958 2910 mee
979 2844 1069 2910 erres
1084 2843 1226 2930 (mem
1240 2843 1320 2931 ew),
1339 2845 1435 2921 seeo
1448 2861 1509 2925 pro

370 2973 424 3020 eos
435 2954 496 3040 (eis
506 2952 585 3042 pu),
601 2952 719 3039 530ss
728 2975 791 3037 per
803 2959 832 3020 te
845 2954 898 3022 uel
907 2975 969 3038 per
983 2955 1029 3020 eie
1042 2955 1182 3020 dominia
1195 2953 1273 3019 moia
1288 2955 1349 3039 (eoa
1363 2953 1507 3019 doninus

370 3084 451 3129 meos
465 3064 543 3150 epu),
563 3065 659 3145 531,1
682 3086 754 3130 eum
774 3083 882 3131 manee
900 3064 1059 3153 (nimidas
1074 3064 1126 3152 w),
1147 3065 1268 3143 533,10
1282 3084 1353 3130 esem
1367 3065 1511 3130 timorem

370 3176 493 3258 (timore
511 3198 573 3264 ‹pla
588 3195 694 3242 umore
708 3179 758 3259 u),
779 3177 1002 3257 533‚150‘nier
1014 3175 1210 3258 marteribus
1226 3179 1393 3257 (mayreo
1406 3179 1509 3264 pap),

370 3287 467 3364 534‚3
482 3286 568 3352 eirea
582 3287 672 3352 nodie
686 3288 759 3371 (noe
768 3311 830 3376 φμ,
845 3307 902 3353 eos
913 3286 966 3376 w),
982 3288 1079 3367 eodo
1092 3305 1199 3352 eorum
1213 3286 1366 3351 madum
1383 3284 1511 3375 (edredo

370 3401 473 3485 φπμ),
497 3396 617 3477 534,10
636 3401 711 3463 ante
730 3397 790 3464 too
809 3397 1015 3464 emonem
1037 3397 1134 3477 (tone
1153 3397 1393 3465 tribulationem
1407 3418 1461 3485 pu
1486 3406 1510 3477 )‚

372 3508 468 3586 deul
499 3528 522 3572 o
540 3508 654 3588 plures
679 3530 701 3574 a
727 3510 817 3575 nobie
842 3510 886 3574 od
911 3527 969 3575 eos
992 3509 1155 3575 ementes
1179 3507 1341 3594 (plumeae
1364 3528 1443 3593 ‹pwp
1470 3544 1510 3556 -

371 3619 570 3686 uenientem
584 3640 649 3708 pu,
670 3621 874 3688 conueniente
888 3628 926 3705 μ)
946 3621 1167 3687 incertIoribns
1181 3620 1214 3686 id
1228 3638 1326 3705 genus
1346 3619 1509 3704 neglectis

266 3750 270 3761 ·
371 3732 505 3814 indeque
526 3731 743 3816 corrigendum
768 3734 818 3799 est
838 3732 938 3813 4863
960 3750 1032 3799 eam
1055 3750 1161 3797 seruos
1182 3750 1253 3796 suos
1274 3728 1380 3818 (aereo
1400 3748 1458 3795 sao
1472 3729 1509 3819 Τ,

370 3844 473 3910 seruis
495 3844 564 3910 eois
584 3844 689 3931 owse),
715 3845 811 3927 531‚l
830 3863 894 3925 pro
915 3862 1035 3909 sorores
1055 3846 1181 3908 nostroe
1203 3848 1318 3919 (sorore
1338 3845 1450 3906 oestro
1470 3840 1509 3918 T,

371 3955 529 4021 sororibus
544 3956 663 4021 nostrie
676 3963 743 4044 pu)
759 3974 840 4037 quoe
854 3958 882 4019 et
897 3959 934 4020 te
948 3955 1022 4020 bene
1042 3955 1125 4018 nosti
1137 3953 1371 4019 Nomerromet
1388 3949 1510 4016 Caedi·

373 4066 459 4146 doen,
473 4067 530 4132 ubi
544 4066 644 4134 falsus
659 4086 730 4134 sum
746 4086 818 4134 enm
834 4067 1029 4149 oorrnptiora
1043 4085 1081 4133 ea
1095 4070 1247 4150 putarem.
1272 4063 1420 4130 similiter
1435 4063 1510 4128 sunt

372 4179 534 4244 nominum
547 4195 661 4262 genera
671 4177 800 4245 ooniusa
807 4177 905 4262 488‚4
911 4177 1052 4260 mandis
1057 4175 1213 4257 periodis
1223 4175 1367 4239 Imminet
1375 4172 1511 4258 pronde
