3720 4920
399 369 420 419 c
804 351 953 409 Caecilii
970 351 1134 422 Cypriani

399 505 501 572 instar
521 524 664 572 exercens
684 505 829 572 inimicos
850 524 970 589 quoque
984 507 1138 586 dilexerit,
1160 508 1215 590 qui
1229 525 1286 591 pro
1300 507 1535 591 insequentium

399 626 432 673 se
453 607 555 677 salute
574 608 668 674 sicuti
683 608 836 673 Dominus
856 612 962 675 monet
976 612 1009 674 et
1022 611 1167 675 hortatur
1186 610 1333 676 orauerit
1353 603 1440 677 ‘oriri
1453 611 1532 678 iacit

397 711 516 797 iugiter
538 730 631 776 suum
646 710 743 775 solem
758 712 791 774 et
804 710 928 791 pluuias
944 711 1075 776 subinde
1090 712 1266 777 nutriendis
1280 711 1453 778 seminibus
1467 713 1530 777 im·

396 815 505 899 pettit,
521 814 667 880 exhibens
682 815 795 880 cuncte
809 812 872 879 ists
885 833 947 879 non
961 814 1028 880 suis
1043 816 1185 882 tantum:
1201 815 1233 881 et
1248 816 1302 898 qui
1314 834 1346 883 se
1358 814 1418 880 Dei
1432 814 1530 880 etiam

396 916 498 981 filium
512 936 579 982 esse
592 915 766 998 profitetur,
781 934 843 981 non
858 918 1034 999 exemplum
1050 918 1150 999 petris
1164 917 1331 983 imitetur?
1345 917 1555 1000 responderes

396 1036 453 1086 nos
474 1019 564 1086 decet
586 1018 746 1085 natalibus
768 1018 893 1097 nostris,
916 1021 948 1084 et
963 1038 1039 1102 quos
1061 1021 1185 1086 renatos
1205 1038 1261 1103 per
1275 1019 1377 1084 Deum
1398 1020 1530 1098 constat,

397 1120 564 1205 degeneres
584 1138 651 1187 esse
671 1137 732 1185 non
752 1121 905 1204 congruit,
932 1123 987 1187 sed
1007 1122 1138 1204 probare
1158 1122 1264 1204 potins
1285 1121 1319 1187 in
1340 1121 1445 1187 sobole
1465 1124 1531 1186 tra·

398 1222 510 1289 ducem
525 1222 600 1288 boni
614 1222 714 1306 patris
728 1221 969 1288 aemulationem
983 1213 1156 1290 bonitatis'.

348 1332 387 1396 lo
438 1325 543 1392 Multa
571 1327 634 1391 alia
663 1326 846 1408 etquidem
876 1346 1000 1411 magna,
1032 1346 1111 1409 quae
1139 1327 1333 1410 temperandi
1361 1325 1532 1392 uoluminis

395 1427 477 1493 ratio
498 1445 559 1493 non
579 1428 700 1509 patitur
719 1429 838 1510 prolixo
859 1448 949 1511 opere
969 1429 1119 1495 sermonis
1139 1429 1263 1494 iterari:
1287 1429 1453 1510 dequibus
1472 1426 1567 1492 hoca

396 1530 521 1595 tantum
543 1527 656 1595 dixisse
678 1530 755 1594 satis
776 1530 832 1596 est.
855 1531 937 1613 quod
952 1531 980 1596 si
995 1531 1054 1595 illa
1072 1531 1209 1615 gentiles
1223 1548 1280 1612 pro
1295 1529 1531 1620 rostris-audire

395 1630 581 1713 potuissent,
617 1631 750 1697 forsitan
784 1633 895 1697 statim
924 1632 1093 1697 crederent.
1129 1631 1205 1713 quid
1235 1630 1414 1697 Christiana
1441 1630 1530 1713 plebs

396 1731 522 1810 laceret
549 1731 600 1797 cui
620 1732 659 1798 ds
681 1733 741 1798 fide
763 1753 875 1800 nomen
899 1737 969 1800 est?
996 1734 1169 1800 distribute
1194 1736 1269 1799 sunt
1290 1751 1364 1817 ergo
1384 1732 1530 1797 continuo

395 1852 451 1917 pro
481 1835 633 1917 qualitate
662 1835 823 1899 hominum
852 1837 945 1917 atque
970 1837 1115 1901 ordinum
1142 1835 1328 1919 ministeria.
1355 1834 1450 1900 multi
1475 1833 1530 1916 qui

395 1936 590 2019 paupertatis
600 1936 749 2001 beneficio
761 1937 906 2019 sumptus
918 1937 1061 2002 exhibere
1070 1955 1130 2002 non
1141 1937 1295 2021 poterant,
1310 1934 1568 2020 plussumpti·1s

396 2038 455 2103 bus
475 2038 672 2116 exhibebant,
694 2042 927 2120 compensantes
948 2040 1071 2121 proprio
1091 2039 1197 2104 labore
1217 2038 1392 2104 mercedem
1407 2036 1530 2102 diuitiis

396 2141 541 2205 omnibus
561 2140 722 2204 cerionem.
745 2141 861 2222 etquis
881 2159 943 2205 non
964 2142 1022 2206 sub
1044 2141 1133 2205 tanto
1147 2140 1272 2205 doctore
1286 2142 1465 2223 properaret
1479 2139 1530 2204 in·

396 2242 503 2307 uenire
522 2242 644 2324 partem
667 2239 806 2322 aliquam
827 2241 900 2308 telis
921 2243 1066 2321 militiae,
1087 2262 1143 2325 per
1158 2263 1251 2325 quam
1266 2243 1403 2326 placeret
1419 2246 1451 2308 et
1464 2242 1529 2307 Deo

396 2343 479 2428 patri
503 2345 535 2408 et
556 2342 655 2408 iudici
675 2341 797 2407 Christo
820 2345 852 2408 et
874 2343 1002 2409 interim
1026 2344 1201 2410 sacerdoti?
1228 2344 1324 2412 fiebat
1347 2344 1455 2425 itaque
1476 2361 1529 2408 ex·

395 2444 594 2510 uberentium
610 2462 738 2526 operum
752 2446 909 2530 largitate,
924 2445 1007 2529 quod
1021 2446 1138 2511 bonum
1154 2445 1257 2511 ested
1272 2465 1389 2525 omnes,
1414 2464 1474 2510 nou
1489 2443 1529 2510 ad
1539 2469 1568 2511 ao

396 2547 478 2610 solos
501 2546 687 2610 domesticos
710 2546 791 2611 fidei.
817 2547 911 2611 fiebat
933 2547 1005 2629 plns
1027 2546 1148 2629 aliquid
1171 2566 1266 2629 quam
1289 2549 1327 2612 de
1342 2548 1458 2613 Tobiae
1479 2545 1530 2608 in·

399 2646 603 2728 comparabili
617 2647 735 2728 pietate
750 2648 909 2732 signatum
925 2651 983 2713 est.
999 2649 1141 2731 ignoscet
1151 2648 1207 2713 ille
1219 2651 1251 2714 et
1263 2647 1405 2733 ignoscat
1415 2649 1529 2713 itemm

397 2749 429 2813 et
451 2747 630 2831 frequenter
654 2750 795 2834 ignoscat
820 2751 877 2814 aut
898 2753 935 2815 ut
957 2752 1060 2816 uerius
1083 2751 1215 2817 dixerim
1237 2751 1350 2816 merito
1373 2751 1529 2828 concedat,

448 2969 580 3023 lexerces
594 2969 621 3022 Τ
715 2968 929 3037 persequentium
942 2984 1005 3036 copo
1105 2967 1241 3021 2sicutw
1338 2949 1529 3036 monetffip,

395 3054 526 3107 „monet
538 3054 569 3117 Τ,
582 3054 697 3106 moneto
788 3052 872 3105 orarit
883 3070 907 3116 e,
921 3068 970 3106 ona
987 3053 1015 3106 T-
1103 3051 1172 3105 facit
1182 3051 1248 3104 deus
1259 3067 1314 3119 sap,
1326 3051 1390 3104 deus
1402 3051 1496 3106 lecito

395 3137 413 3192 3
425 3137 508 3191 solem
520 3154 599 3192 suurn
610 3155 628 3192 o
702 3153 782 3206 super
792 3136 873 3190 bonos
885 3140 913 3191 at
924 3138 1008 3190 malos
1020 3152 1099 3190 suum
1113 3135 1197 3190 solem
1209 3154 1234 3189 w
1302 3137 1460 3206 impartitur
1471 3153 1496 3190 so

394 3223 635 3278 dcunctismalim
738 3226 795 3277 tam
808 3224 915 3276 tantum
927 3239 965 3285 ¹05
978 3222 1023 3276 sed
1036 3221 1119 3275 etiam
1132 3221 1228 3275 alienis
1241 3221 1335 3275 udde
1420 3221 1528 3300 tucn]

396 3325 507 3365 curnou
521 3325 539 3362 o
612 3308 740 3361 imitatur
751 3323 813 3376 sepa
881 3306 1036 3376 respondete
1047 3307 1166 3374 inquito
1239 3290 1333 3360 ddum
1345 3307 1376 3370 Τ,
1387 3306 1495 3360 dicmw

395 3394 412 3448 7
424 3395 624 3463 degeneresese
638 3393 665 3448 T
765 3391 902 3460 probatio
1000 3391 1092 3446 sabole
1106 3392 1132 3445 Τ
1231 3390 1495 3444 Bacmnlationesoo

396 3479 543 3549 squidem]
557 3477 671 3548 quedam
684 3495 709 3532 w
818 3475 1152 3547 magna]prsetereoudd
1165 3493 1207 3531 wo
1318 3476 1351 3530 10
1361 3475 1462 3545 prolixo
1475 3492 1529 3541 ωμ,

395 3566 514 3635 proximo
528 3563 742 3632 T,proli1ioroc
873 3578 950 3631 opere
961 3561 1091 3615 sermonis
1102 3561 1211 3630 scripsi,
1224 3576 1301 3614 onere
1310 3560 1438 3614 sermonis
1451 3562 1528 3629 Twp,

396 3666 558 3714 sermonem
571 3649 606 3715 σί.
620 3665 680 3717 cap.
694 3652 726 3701 14
847 3647 958 3701 interari
974 3649 1004 3713 T,
1016 3647 1169 3716 replicaris
1296 3645 1495 3715 ltpotuissew

396 3733 520 3790 forsitam
532 3735 615 3788 satim
626 3733 722 3787 statim
735 3737 767 3803 μ1
843 3734 950 3801 quodso
1025 3733 1173 3786 christiane
1184 3733 1261 3801 pleps
1278 3735 1303 3785 Τ
1375 3732 1409 3786 13
1420 3729 1528 3798 feceret]

395 3819 517 3890 latretso
604 3819 637 3873 14
648 3833 695 3887 pro
708 3818 840 3886 qualitate
853 3818 1015 3871 continuow
1100 3816 1225 3870 misteria
1236 3833 1282 3886 sap
1373 3818 1529 3885 ltpauper·

395 3904 463 3960 tatis
480 3903 618 3973 beneflcio]
638 3905 766 3972 angustis
782 3904 949 3973 paupertatis
960 3901 1118 3956 beneficius
1273 3903 1307 3957 16
1318 3903 1456 3971 propriora
1472 3898 1511 3954 Τ

396 3991 429 4045 17
447 3989 563 4045 inueniri
579 3991 609 4042 in
625 3990 702 4059 parte
720 3988 847 4057 aliquas
1001 3988 1035 4041 19
1052 3986 1173 4056 interim]
1191 3988 1248 4040 tam
1267 3986 1335 4041 bono
1353 3987 1496 4040 interimo

394 4077 714 4147 20apudomnsse‚om.
729 4076 755 4130 Τ
889 4076 951 4146 non]
964 4092 1016 4129 non
1029 4075 1153 4129 solumso
1295 4075 1328 4128 21
1342 4075 1435 4129 deom.
1449 4091 1494 4142 ωμ

395 4162 596 4232 inconparabile
611 4164 660 4217 T·
738 4162 865 4216 stillio
966 4161 1147 4231 illitcrump¹
1249 4160 1287 4218 23
1298 4165 1348 4214 aut
1358 4161 1400 4230 ut]
1413 4163 1444 4215 nt
1457 4161 1487 4226 Τ,
1500 4163 1529 4214 et

396 4250 590 4318 utw,atntp
694 4246 793 4302 dixerit
805 4247 861 4313 Pl,
872 4247 976 4302 dixerat
990 4250 1026 4304 T¹
1131 4245 1267 4302 etmerito
1279 4245 1420 4302 concedam
1431 4263 1477 4315 ωμ
