3720 4920
673 322 718 378 De
742 322 1006 395 Bebeptismete
1031 343 1053 381 e.
1071 328 1147 383 2-4.
1438 334 1481 399 73

337 482 482 556 bsptismu
493 481 586 540 solum
593 480 728 554 prodesse
743 480 791 541 cul
803 485 895 554 posse
906 482 994 544 etiem
1005 483 1125 558 spiritus
1137 488 1254 546 senctus
1266 487 1376 547 inesse:
1392 505 1479 563 super

337 587 431 658 ipsum
447 584 523 643 enim
537 583 688 642 Dominum
706 599 770 642 cum
788 583 984 657 baptizaretur
1004 587 1138 659 spiritum
1152 592 1282 648 seuctum
1297 591 1482 651 descendisse

336 668 500 760 lectumque
523 685 585 745 eius
608 687 693 758 etque
717 685 825 745 dictum
848 686 959 761 peritur
980 704 1136 762 congruere
1156 707 1208 750 nec
1222 691 1280 750 ulie
1296 691 1357 750 ulle
1371 692 1482 753 retione

336 788 505 863 mysterium
526 787 604 846 istud
624 803 709 860 posse
727 787 895 849 consistere.
922 789 969 849 cui
996 807 1131 864 responso
1156 809 1238 852 nemo
1259 797 1388 853 nostrum
1410 795 1481 855 edeo

314 890 379 950 site
393 890 511 950 iuseuus
531 889 673 963 reperitur
698 891 749 949 eut
772 894 924 950 contumax
945 894 978 951 ut
998 893 1104 952 eudeet
1124 898 1222 953 contre
1243 894 1289 973 fes
1310 897 1361 955 eut
1381 899 1482 956 contre

285 978 292 1024 s
335 1008 435 1051 uerum
461 991 671 1062 contredicere,
702 991 813 1052 scilicet
836 993 923 1052 rebus
943 993 1067 1067 integris
1089 999 1117 1054 et
1139 996 1217 1054 omni
1232 997 1314 1057 modo
1330 997 1372 1055 itu
1386 997 1417 1055 iu
1433 1013 1480 1057 ec·

336 1093 426 1154 clesie
454 1092 592 1167 gerundis
612 1095 642 1152 et
667 1093 822 1153 secuudum
850 1094 1022 1168 disciplinae
1051 1097 1179 1157 ordinem
1204 1101 1372 1172 perpetuen
1395 1099 1479 1159 nobis

335 1195 539 1256 obseruandis.
562 1196 613 1254 sod
633 1195 659 1253 si
674 1195 703 1253 in
726 1197 825 1255 eodem
847 1212 922 1257 nouo
938 1199 1112 1259 testemeuto
1135 1200 1207 1259 heec
1221 1216 1294 1272 ques
1310 1201 1340 1258 in
1355 1200 1412 1259 isto
1427 1218 1479 1260 ue·

336 1298 415 1373 gotio
431 1297 669 1372 deprehendimus
685 1299 813 1358 monete
835 1315 1047 1374 nonnumquam
1063 1304 1244 1376 reperientur
1259 1304 1380 1375 quodem
1395 1305 1477 1363 modo

305 1424 332 1463 ro
341 1400 436 1459 diuise
457 1418 490 1459 ec
514 1404 647 1472 seperete
666 1403 696 1461 st
716 1401 834 1474 preinde
856 1402 999 1476 disposite
1019 1401 1108 1476 etque
1123 1406 1149 1463 si
1170 1406 1229 1465 sint
1244 1406 1369 1479 singule,
1396 1405 1478 1465 uide·

335 1518 417 1560 emus
433 1505 531 1561 utrum
545 1502 656 1575 possint
672 1517 735 1562 esse
754 1500 910 1575 eliqrrendo
926 1505 1017 1563 etiem
1032 1506 1218 1578 singulariter
1233 1507 1376 1577 soliterie,
1396 1507 1480 1581 quusi

337 1620 395 1663 non
417 1603 477 1662 siut
498 1602 601 1662 mutile
622 1603 673 1662 sed
694 1605 841 1676 temquem
863 1603 978 1678 integre
999 1609 1085 1680 etque
1106 1608 1243 1681 perfecte.
1267 1625 1334 1667 uem
1348 1625 1413 1667 cum
1428 1625 1480 1682 per

335 1722 438 1765 menus
459 1704 669 1778 impositionem
692 1704 820 1778 episcopi
842 1708 928 1765 detur
942 1707 1096 1781 unicuique
1119 1710 1246 1768 credenti
1261 1711 1381 1783 spiritus
1397 1727 1479 1770 senc·

337 1811 396 1879 tus,
423 1807 498 1866 sicut
520 1808 643 1880 apostoli
665 1807 740 1866 circe
760 1806 959 1866 Semuritenos
983 1813 1048 1880 poet
1065 1808 1193 1884 Philippi
1208 1811 1350 1885 baptisma
1365 1828 1480 1871 menum
1543 1822 1545 1828 ’

301 1933 327 1972 rs
338 1909 380 1969 eis
395 1908 564 1982 imponendo
580 1908 721 1979 feceruut,
738 1909 768 1967 et
779 1908 834 1968 hec
846 1908 958 1969 retione
974 1910 1109 1982 spiritum
1124 1914 1253 1970 senctum
1268 1912 1299 1970 iu
1314 1929 1362 1971 eos
1378 1915 1480 1972 contu·

334 2011 442 2083 lerunt,
472 2014 549 2085 quod
570 2014 602 2071 ut
624 2012 686 2072 fieri
711 2014 810 2085 posset
834 2011 888 2085 ipsi
915 2027 966 2084 pro
994 2013 1037 2071 eis
1065 2017 1228 2086 creuerunt,
1252 2015 1377 2074 nondum
1404 2017 1480 2075 euim

335 2132 422 2190 super
438 2132 607 2188 quemquem
623 2131 720 2175 eorum
737 2113 928 2173 descenderet
942 2114 1072 2187 spiritus,
1100 2117 1213 2175 tentum
1229 2119 1324 2174 eutem
1340 2117 1480 2191 baptizati

334 2221 417 2278 erent
440 2217 604 2277 innomine
625 2215 741 2274 Domini
763 2216 848 2274 Iesu:
880 2215 1019 2275 Dominus
1041 2234 1154 2290 quoque
1175 2221 1273 2277 noster
1294 2221 1360 2292 pust
1381 2234 1479 2277 resur·

334 2320 499 2389 rectionem,
515 2335 579 2377 cum
594 2317 776 2377 insufflasset
791 2320 821 2377 et
836 2318 958 2377 dixisset
976 2319 1115 2390 apostulis
1135 2319 1196 2378 suis
1218 2319 1383 2393 accipite
1403 2321 1479 2395 epi·

298 2423 445 2481 scritum
468 2425 646 2492 sanctum,
672 2420 715 2479 ite
731 2417 843 2478 demum
863 2420 990 2493 lergitus
1007 2421 1049 2478 eis
1064 2420 1197 2492 spiritum
1212 2424 1352 2479 sanctum.

380 2523 451 2582 (lum
465 2524 507 2583 ite
522 2522 681 2594 inuenitur,
704 2520 773 2596 quid
790 2521 860 2593 tibi,
882 2522 988 2594 freter,
1013 2523 1146 2580 uidetur?
1169 2523 1194 2581 si
1210 2523 1276 2594 quis
1291 2538 1347 2581 non
1363 2522 1400 2581 sb
1414 2518 1508 2595 epi-4

335 2642 419 2698 scope
435 2624 607 2698 baptizatus,
632 2624 674 2684 ite
695 2627 728 2683 ut
751 2624 776 2683 si
802 2623 832 2682 in
853 2623 1013 2682 continenti
1035 2624 1121 2682 etiem
1137 2640 1238 2682 menne
1263 2623 1289 2681 ei
1306 2624 1479 2696 imponetur,

334 2727 503 2802 prinsquem
525 2729 621 2785 teum
641 2726 765 2800 accipiet
791 2725 926 2799 spiritum
948 2725 1185 2794 seuctumiuerit
1199 2724 1360 2795 defunctus,
1382 2728 1479 2784 utrum

334 2844 452 2889 censeas
473 2828 596 2888 selutem
618 2827 787 2901 percepisse
805 2843 870 2885 eum
892 2841 996 2885 necne:
1013 2826 1147 2900 quonism
1161 2825 1275 2899 quidem
1291 2828 1320 2884 et
1334 2825 1393 2898 ipsi
1407 2843 1477 2899 epo·

299 2929 405 2991 esstoli
420 2935 451 2991 et
465 2929 609 3004 discipuli,
631 2929 681 3004 qui
703 2929 790 2988 etiem
813 2927 887 2987 elios
912 2927 1108 3001 beptieebent,
1131 2927 1190 3002 [qui
1212 2927 1309 3003 etiem]
1324 2944 1343 2985 e
1356 2927 1478 2988 Domino

332 3032 474 3106 bsptiueti
496 3048 552 3092 nou
574 3031 673 3091 stetim
694 3029 827 3104 spiritum
856 3031 988 3089 sunctum
1005 3029 1176 3102 acceperint,
1199 3028 1249 3101 qui
1264 3030 1391 3088 nondum
1406 3033 1478 3102 oret,
1574 3057 1576 3059 ·

333 3134 403 3210 quie
424 3135 505 3193 Iesus
525 3135 650 3193 nondum
672 3132 767 3191 fueret
791 3130 978 3202 clarificatus,
1006 3132 1057 3189 sed
1078 3132 1143 3204 post
1164 3130 1402 3190 resurrectionem
1417 3131 1478 3190 eius

332 3251 385 3295 nso
408 3235 549 3296 modicum
571 3232 755 3295 interuellum
788 3233 1003 3306 temporisque
1026 3232 1055 3291 id
1076 3234 1190 3307 gestum
1211 3235 1256 3291 est
1283 3232 1479 3292 intercesserit

332 3338 418 3398 sicuti
432 3341 462 3398 et
477 3355 541 3398 cum
563 3338 703 3411 beptiueti
724 3338 793 3394 suut
810 3353 828 3394 e
844 3334 981 3408 Philippo
1004 3333 1188 3406 Semeriteni,
1210 3336 1300 3395 donec
1320 3335 1478 3395 &merium

294 3439 424 3510 erogas
445 3439 482 3498 eb
503 3439 684 3498 Hierusalem
706 3436 832 3511 epoetcli
856 3437 1066 3495 descenderent
1091 3437 1128 3495 ed
1143 3434 1218 3506 illos,
1243 3438 1276 3493 ut
1298 3436 1341 3495 eis
1362 3454 1477 3497 menum

331 3539 510 3614 imponerent
525 3544 554 3600 ot
568 3539 701 3613 spiritum
721 3539 852 3598 sunctum
876 3553 930 3611 per
952 3554 1055 3596 munus
1070 3537 1280 3611 impositionem
1295 3538 1325 3597 iu
1341 3554 1389 3598 eos
1405 3555 1474 3599 con·

407 3706 440 3760 19
458 3705 496 3760 Ic.
514 3705 557 3769 20,
575 3703 618 3758 22.

402 3863 559 3932 lgerendis
579 3860 644 3932 Rip.
736 3863 823 3915 9non
842 3875 893 3914 om.
913 3859 975 3929 Rip.
1068 3861 1101 3912 14
1118 3858 1157 3912 sic
1173 3861 1202 3913 et
1218 3858 1285 3924 fort.
1381 3858 1413 3914 ll
1432 3858 1478 3913 dc·

332 3948 475 4003 scenderet
493 3948 640 4019 Rigaltires,
659 3947 797 4002 decideret
815 3946 953 4001 Betucius
1079 3944 1111 3997 19
1130 3944 1257 4011 spiritum
1275 3947 1399 3998 senctum
1417 3960 1478 3999 cum

333 4035 371 4089 ite
388 4033 525 4087 inuenitur
543 4047 602 4088 non
619 4032 767 4102 distinguit
784 4031 928 4086 Betucius
1021 4028 1056 4082 23
1074 4029 1205 4097 occiperet
1221 4028 1282 4098 Rip.
1376 4027 1412 4082 25
1430 4028 1478 4098 qui

333 4119 417 4175 etiem
435 4120 539 4175 inoleret
652 4118 686 4172 26
704 4117 761 4172 sint
778 4115 914 4186 beptiseti
933 4114 1072 4169 Balesiee
1185 4114 1254 4182 eret]
1273 4115 1309 4181 es.
1327 4131 1388 4184 cap.
1408 4118 1443 4171 14

332 4206 371 4260 29
388 4206 454 4258 sunt
471 4221 520 4258 one.
541 4205 604 4274 Rip.
