3720 4920
386 370 527 419 XXXVIII

386 505 507 570 sueoulo
531 504 596 570 XII
618 505 746 584 exemti,
774 505 828 587 qui
854 507 963 589 peusis
985 505 1148 590 seripturis
1172 507 1299 574 aliunde
1321 507 1450 573 adscitis
1472 507 1526 572 uel

385 614 562 681 aonieoturu
576 615 715 681 inuentis
729 616 804 681 666
820 615 871 681 661
886 617 990 683 codiee
1004 616 1138 702 gemello
1153 618 1361 702 epistularum
1376 636 1524 702 magnum

384 727 516 809 purtem,
532 726 615 791 inter
630 745 682 792 eus
697 728 828 793 rariores
844 745 951 793 omnes
965 728 1231 812 deprompserunt.
1246 731 1334 795 totus
1349 747 1422 795 uero
1436 729 1475 795 eb
1487 747 1524 795 eo

383 836 498 918 pendet
511 836 701 903 PurIsiensis
728 838 835 904 17860
859 839 936 904 olim
951 836 1071 904 Omtor.
1099 839 1121 905 9
1145 858 1224 906 seeo.
1250 840 1313 905 XII
1340 838 1435 926 (o)*),
1461 840 1523 905 nisi

384 946 466 1028 quod
489 947 640 1028 epistulas
662 948 714 1013 69.
733 949 784 1014 72.
803 949 854 1014 12.
871 950 914 1014 70
928 951 960 1014 61
973 951 1097 1033 purtem
1118 950 1272 1032 epistulae
1287 952 1329 1018 76
1343 951 1446 1016 666616
1462 969 1523 1033 quo

379 1067 457 1122 ’6666
478 1056 594 1137 omisit,
618 1058 771 1142 epistulas
793 1059 843 1123 14.
865 1059 918 1124 48.
939 1059 991 1125 49.
1013 1057 1065 1126 60.
1087 1058 1138 1125 68.
1160 1059 1202 1126 69
1226 1078 1262 1127 ex
1284 1061 1390 1127 eodioo
1410 1061 1523 1127 tertiae

384 1168 522 1235 familiae
543 1169 768 1253 166666661ρεὶ1,
790 1170 926 1252 priorem
950 1187 1024 1235 uero
1047 1169 1235 1254 scriptorum
1257 1173 1379 1254 purtem
1394 1174 1467 1239 iude
1481 1173 1522 1238 ab

382 1280 489 1345 libello
503 1279 520 1345 I
536 1299 634 1363 usque
656 1281 697 1346 od
719 1280 888 1362 epistulam
902 1280 923 1345 6
937 1279 1106 1344 immutato
1129 1279 1246 1359 ordine,
1272 1281 1350 1347 item
1367 1283 1519 1365 epistulas

383 1391 412 1456 6.
429 1388 1440 1477 28.8966.68.636666(11666616666166611166Ρ6666611**).

217 1519 372 1564 sensen-
423 1499 510 1564 Haeo
536 1499 679 1565 oodioum
705 1498 888 1583 propagatio
914 1500 1017 1581 qualis
1041 1501 1084 1565 sit
1106 1503 1138 1566 et
1158 1503 1311 1582 quomodo
1339 1504 1454 1569 sensim
1478 1504 1521 1568 ub

232 1589 358 1706 0322?
381 1610 501 1694 origine
521 1609 768 1693 emmeramme,
790 1627 853 1674 uno
875 1611 1035 1693 expresso
1056 1612 1206 1694 exemplo.
1228 1613 1518 1679 adnotamentis

380 1718 419 1783 od
443 1719 593 1802 epistulas
616 1720 644 1784 7.
663 1721 692 1785 9.
712 1719 762 1784 12.
788 1720 838 1784 17.
863 1720 912 1785 18.
938 1721 988 1785 19.
1004 1719 1057 1787 26.
1072 1720 1125 1786 26.
1141 1723 1193 1786 29.
1210 1724 1262 1788 63.
1281 1722 1332 1787 72.
1349 1724 1391 1788 76
1413 1725 1519 1806 potest

379 1829 578 1913 suppeditare
602 1828 751 1912 plurime.
780 1849 851 1895 oum
873 1829 1046 1914 Cyprianus
1070 1831 1242 1913 662114
1267 1833 1313 1896 sie
1340 1832 1518 1917 scripsisset

373 1943 486 2019 potens
510 1943 554 2006 est
579 1939 699 2004 6116166
727 1939 946 2005 misericordia
970 1939 1136 2006 medellam
1161 1940 1248 2005 dare.
1274 1940 1520 2022 properandum

378 2053 484 2114 tamam
504 2068 571 2114 mom
580 2055 660 2130 poto
675 2051 872 2115 6661666616
886 2050 1014 2131 alipaid
1027 2055 1057 2115 et
1069 2051 1262 2133 festinanter
1273 2051 1455 2133 perandum,
1480 2069 1517 2117 ex

377 2159 537 2243 neneryps
561 2160 718 2242 scriptura
738 2141 1059 2226 6666661666
1074 2160 1225 2226 661666
1248 2178 1349 2226 errore
1371 2161 1403 2227 in
1423 2160 1516 2239 mon

377 2268 496 2335 foetum
524 2272 573 2336 est
596 2289 770 2351 properam
796 2270 883 2350 dam,
913 2269 995 2353 quod
1022 2272 1059 2336 ut
1085 2271 1276 2337 structurum
1306 2271 1443 2337 efiiceret
1471 2269 1518 2350 Q⁹

377 2379 515 2444 mutauit
535 2379 568 2443 In
589 2378 756 2444 medellam
778 2379 857 2444 dare
873 2398 1057 2462 properam,
1083 2380 1161 2446 dam
1183 2385 1290 2446 tanum
1311 2399 1377 2445 nom
1393 2384 1513 2460 potem,

377 2506 456 2570 quoe
479 2488 655 2554 eonieoturu
676 2488 753 2570 quid
775 2489 836 2554 sibi
856 2489 954 2555 uellet
967 2490 1080 2555 oumE
1096 2490 1239 2569 nesciret
1264 2491 1299 2556 in
1314 2491 1517 2556 describendo

377 2600 452 2678 puto
468 2616 504 2662 ex
515 2611 689 2678 properam
710 2596 785 2663 Ieoit
802 2617 1013 2680 properamus
1033 2599 1189 2665 sententie
1209 2602 1407 2666 structuruue
1426 2601 1516 2665 nullu

377 2817 488 2872 Paeolsa
500 2800 567 2885 ani?
577 2815 675 2872 deiude
693 2818 823 2888 ospitalis
841 2819 1017 2887 epistolarum
1037 2817 1187 2871 iuterieetis
1206 2817 1337 2884 epistulae
1356 2821 1453 2870 6067.
1471 2821 1515 2870 69.

376 2909 418 2956 69.
435 2907 477 2956 47.
495 2907 538 2956 46.
555 2906 597 2956 44.
616 2906 658 2957 61.
672 2907 714 2956 69.
729 2907 769 2957 70.
786 2907 827 2957 72.
841 2907 881 2957 76.
901 2902 1025 2957 66661661.
1044 2906 1086 2955 64.
1099 2906 1125 2954 2.
1137 2907 1161 2956 4.
1178 2906 1218 2954 18.
1231 2907 1255 2955 8.
1269 2905 1311 2954 67.
1324 2906 1366 2955 66.
1382 2905 1404 2954 1.
1416 2906 1459 2955 48.
1471 2906 1514 2955 46.

377 2992 418 3041 68.
432 2992 474 3040 64.
487 2991 529 3042 82.
542 2990 584 3041 20.
600 2991 632 3039 12
651 2989 731 3056 (quoe
749 2987 951 3057 inscriptionem
968 3002 1032 3056 pree
1051 3001 1080 3040 se
1097 2985 1152 3039 fert
1163 2986 1318 3054 Exemplar
1335 2986 1515 3054 epistolarem

376 3071 507 3128 tredecim
525 3087 595 3141 qaae
611 3073 687 3126 misit
705 3072 864 3141 Cyprianus
874 3072 1007 3126 Itomam'e
1024 3085 1143 3140 quoram
1154 3070 1252 3138 prema
1270 3077 1309 3124 est
1327 3070 1462 3141 Cypriani
1479 3071 1517 3125 ad

375 3156 478 3212 elerum
499 3155 573 3225 qood
593 3172 650 3211 reon
668 3163 760 3225 posset
780 3163 882 3212 temere
893 3157 1071 3226 Gortups‘mem
1089 3155 1188 3210 serere
1203 3161 1230 3209 et
1241 3160 1274 3209 set
1289 3155 1332 3209 Ia‘s
1349 3157 1514 3224 eoesessam'·

375 3243 426 3298 666
437 3243 487 3311 pai
496 3243 530 3297 e'm
541 3258 653 3297 earcere
670 3249 736 3296 6661
753 3243 897 3298 mutilati
907 3242 1066 3298 hamanitas
1076 3241 1164 3295 omm‘e
1173 3241 1347 3309 prebeatur).
1361 3245 1402 3294 16.
1417 3245 1456 3294 16.
1472 3245 1515 3295 17.

376 3331 417 3381 rs.
440 3331 480 3380 se.
502 3330 543 3381 66.
564 3331 606 3380 66.
625 3330 649 3380 6.
668 3330 710 3380 66.
729 3331 772 3381 66.
792 3331 814 3381 u.
835 3331 875 3381 ue.
896 3331 937 3382 er.
958 3329 999 3392 se,
1027 3325 1123 3381 marm
1137 3325 1273 3395 cypriane·
1296 3326 1396 3394 (Apsos
1406 3326 1513 3396 Apus),

379 3411 474 3468 Oratio
486 3410 621 3482 Oppressus
637 3428 721 3481 aream
734 3412 785 3468 sao
797 3411 844 3467 die
851 3411 991 3480 passionis
1001 3427 1069 3465 suae
1081 3409 1164 3477 deese,
1178 3410 1277 3464 Passio
1290 3409 1434 3480 symm.
1457 3409 1513 3479 epi-

374 3498 463 3552 stulee
481 3502 635 3552 6061
655 3500 684 3552 61
697 3504 729 3552 16
818 3503 851 3552 76
869 3515 901 3553 ex
918 3496 1041 3552 oodioell
1060 3495 1105 3550 uel
1125 3496 1183 3550 eius
1204 3494 1346 3550 simillimo
1367 3494 1511 3561 fluxerunt,

373 3581 494 3652 reliques
505 3584 583 3638 uelut
595 3598 635 3652 ep.
650 3589 683 3636 76
697 3599 727 3638 ex
740 3585 794 3639 ulio
807 3585 877 3639 libro
889 3584 1003 3638 11666166
1016 3581 1152 3636 uidentur.
1266 3575 1267 3578 ’

239 3691 309 3736 cm,
323 3687 342 3734 0
408 3667 434 3734 *1
446 3665 533 3722 Codex
552 3671 638 3721 17860
654 3668 776 3723 66611661
791 3667 899 3723 libellos
915 3668 937 3723 1.
951 3665 984 3721 X.
1001 3665 1060 3732 IX,
1078 3665 1210 3735 epistulae
1228 3670 1269 3719 97.
1282 3668 1324 3719 68.
1339 3670 1380 3732 10,
1401 3666 1514 3722 libellos

373 3750 405 3805 V.
423 3751 486 3809 vn.
504 3751 583 3808 7111.
600 3752 649 3808 XI.
661 3753 725 3808 XII.
738 3753 786 3808 IV.
798 3753 846 3818 71,
871 3753 1002 3823 epistulus
1023 3755 1175 3806 806067.
1190 3754 1509 3806 iussoslussos.

374 3839 414 3889 18.
431 3840 471 3890 48.
492 3841 533 3890 66.
547 3840 571 3891 1.
584 3841 625 3890 60.
644 3841 686 3891 46.
704 3842 747 3891 64.
765 3842 805 3891 82.
821 3841 863 3890 20.
878 3842 918 3891 12.
933 3840 975 3890 78.
988 3840 1029 3890 67.
1044 3840 1084 3889 64.
1098 3840 1121 3889 2.
1135 3840 1160 3888 8.
1174 3839 1214 3889 14.
1227 3839 1269 3889 48.
1283 3840 1325 3888 60.
1338 3839 1380 3888 68.
1395 3841 1427 3889 76
1446 3837 1510 3904 (iui-

371 3920 444 3976 tium
461 3924 570 3977 tuntum
587 3937 673 3992 nsque
684 3922 718 3976 sd
730 3922 813 3977 uerbe
831 3924 908 3994 torpe
921 3922 1021 3992 positis
1032 3922 1287 3991 =p.811,17).oe.
1303 3925 1342 3976 16
1358 3924 1509 3977 161718.

374 4009 413 4058 19.
428 4010 470 4059 26.
483 4010 525 4061 26.
538 4010 560 4059 8,
572 4011 616 4062 28.
629 4011 672 4060 66.
687 4011 711 4059 7.
725 4011 766 4071 76,
787 4006 866 4077 Quod
883 4007 967 4077 ydola
982 4007 1025 4061 dii
1039 4022 1097 4061 mom
1112 4007 1178 4070 6661,
1189 4010 1214 4070 4,
1230 4005 1275 4060 De
1292 4005 1399 4061 11666666
1410 4008 1512 4061 moesti·

373 4090 430 4158 bus,
443 4095 467 4143 6.
479 4095 521 4148 66.
534 4094 577 4148 28.
590 4095 632 4147 89.
644 4094 686 4145 68.
700 4096 734 4145 69
746 4092 820 4160 (Inde
831 4108 849 4146 6
859 4091 950 4146 uerbis
962 4092 1093 4161 peeaeoe'ms'
1106 4091 1189 4147 etiam
1199 4112 1234 4138 =
1245 4106 1272 4160 p.
1286 4094 1398 4159 760,14).
1410 4094 1452 4144 48.
1465 4095 1508 4145 66.

371 4179 413 4228 40.
428 4179 468 4229 68.

407 4260 448 4329 **)
460 4259 501 4316 De
511 4260 646 4316 oodIoibus
658 4261 669 4316 i
680 4282 696 4332 ρ
709 4264 738 4318 61
749 4263 812 4318 61116
824 4278 856 4317 ex
867 4265 944 4333 perte
955 4279 972 4318 6
983 4263 1089 4318 semilis
1101 4263 1131 4318 11
1143 4261 1324 4332 pendentibus
1335 4261 1408 4317 Inire
1418 4275 1510 4329 egum.
