3720 4920
819 346 1003 415 Appeurlin.

635 820 748 915 XVl.
795 817 1192 916 EPISTVLAE.

834 1050 992 1059 ψ..-

693 1277 716 1333 Ι.
742 1275 916 1333 lioNA'le
938 1274 1141 1332 CYPRIANO.

393 1458 486 1538 Credo
501 1483 530 1536 te
545 1478 676 1547 rotinere,
693 1477 873 1536 sanctissimo
889 1477 1039 1551 Cypriane,
1056 1493 1128 1549 quac
1138 1475 1220 1534 nobis
1230 1475 1317 1534 l'ucrit
1328 1479 1401 1549 apud
1415 1495 1480 1534 oru-

352 1586 438 1640 torem
454 1581 621 1654 garrulitas,
645 1598 718 1638 uurrs
733 1598 845 1652 sensus,
872 1599 929 1638 una
944 1580 1090 1652 cogitatio,
1108 1579 1256 1636 indiuidua
1270 1580 1364 1638 lectio.
1392 1596 1480 1652 quare

349 1700 404 1741 non
421 1687 450 1740 et
465 1684 495 1740 in
507 1683 604 1740 diuina
619 1682 740 1741 lectione
756 1684 797 1740 ita
819 1683 922 1741 animis
938 1679 1127 1740 roboramur?
1158 1685 1208 1739 aut
1230 1699 1286 1740 non
1308 1699 1341 1739 ea
1368 1696 1500 1754 sempera

350 1786 432 1844 nobis
448 1785 505 1842 fuit
519 1786 663 1856 cogitatio,
681 1787 755 1843 sicut
770 1786 966 1858 promittebas,
983 1788 1015 1842 ut
1030 1784 1114 1841 simul
1132 1785 1308 1842 crederemus
1324 1813 1391 1844 sese

447 2014 487 2070 ll.
512 2014 695 2075 EPISTVLA
720 2013 898 2070 CORNELII
922 2012 1049 2069 PAPAE
1072 2013 1124 2069 All
1148 2011 1382 2068 crparhuvu.

392 2176 566 2257 Dilectionis
583 2203 648 2257 tuae
664 2218 718 2257 non
734 2199 919 2257 delectabilia
945 2202 974 2254 et
1000 2202 1098 2256 corrtra
1126 2198 1191 2255 fidoi
1222 2198 1348 2270 regulam
1374 2195 1482 2267 scripta

350 2302 471 2372 suscepi,
489 2301 517 2356 in
535 2301 638 2372 quibus
654 2317 774 2359 nauseas
801 2300 952 2371 recognoui
981 2303 1009 2357 et
1035 2317 1144 2357 uerrcna
1159 2316 1318 2356 sermonum
1344 2299 1481 2356 aduersus

349 2400 519 2460 catholicam
542 2420 592 2474 por
607 2405 698 2460 totum
714 2403 808 2460 orbem
826 2401 957 2459 diffusam
974 2402 1126 2460 ecclesiam
1144 2400 1327 2458 horribilibus
1349 2418 1367 2458 a
1388 2402 1417 2456 te
1432 2417 1481 2457 su·
1493 2420 1517 2456 ro

349 2503 456 2574 peracri
484 2503 601 2561 zizaniis
618 2521 672 2561 non
688 2503 814 2560 laudaui.
841 2519 913 2574 quae
929 2507 996 2575 pcto
1012 2504 1149 2561 uelociter
1168 2501 1254 2561 tollas
1277 2521 1311 2559 ac
1333 2502 1482 2573 praedam-

262 2682 266 2688 Δ
349 2620 409 2661 nes.
438 2604 512 2676 quod
528 2603 606 2676 prins
622 2603 737 2677 qrridcm
763 2608 793 2661 to
823 2605 917 2661 facore
946 2605 1100 2675 oportebat
1127 2621 1210 2676 quarn
1227 2603 1255 2659 in
1272 2603 1373 2660 mundo
1396 2601 1484 2659 letale

349 2705 430 2763 uirus
446 2723 592 2777 aspersum
608 2706 781 2777 simplicium
797 2709 827 2762 ct
844 2706 1037 2763 innocentium
1060 2706 1187 2762 inliceret
1203 2707 1320 2761 mentes.
1344 2720 1398 2760 uon
1415 2719 1482 2774 ergo

350 2805 468 2878 dignum
485 2809 530 2864 est
547 2806 732 2878 rebaptizare.
750 2823 818 2879 crgo
834 2806 949 2865 eradica
966 2809 995 2864 et
1010 2806 1130 2876 artrica,
1147 2810 1179 2862 ut
1196 2806 1328 2874 diximus,
1351 2804 1483 2863 llorulen·

350 2907 389 2966 tis
404 2908 586 2966 sermonibus
601 2911 687 2980 atquo
704 2908 800 2981 dignis
818 2925 869 2980 per
884 2908 1072 2981 posteriorem
1090 2910 1237 2981 epistolam
1255 2911 1348 2980 priora
1364 2906 1481 2978 scripta,
1494 2927 1517 2964 rs

350 3026 423 3080 quac
439 3013 537 3066 coutra
552 3010 721 3067 catholicam
744 3011 827 3067 tidem
843 3026 938 3068 serere
953 3013 1126 3067 consuerunt
1141 3011 1285 3081 genimina
1311 3010 1480 3079 uiperamru.

350 3127 405 3167 nou
422 3111 496 3167 enim
509 3112 590 3168 decet
606 3113 702 3169 tautae
718 3110 798 3169 urbis
814 3111 974 3168 antistitem
991 3111 1314 3184 excellentissimumque
1327 3111 1481 3178 doctorem,

352 3217 384 3270 ut
405 3213 471 3270 duni
495 3215 579 3283 putas
601 3213 729 3271 haeresis
751 3213 897 3285 baptisma
920 3214 1198 3285 praedamnandum,
1226 3230 1322 3270 uorum
1341 3212 1482 3284 baptisma

350 3314 531 3372 sermonibus
553 3314 695 3373 maculare
711 3315 816 3373 audeas
832 3332 903 3387 quae
920 3315 999 3372 doles
1016 3320 1117 3374 contra
1132 3315 1289 3388 apostolum
1305 3312 1415 3372 scilicet
1437 3330 1481 3371 re·

350 3433 477 3488 pugnare
493 3416 650 3475 dicentem:
683 3434 772 3474 uuus
795 3416 905 3486 Deus,
930 3434 998 3473 una
1020 3416 1136 3487 lidos,
1162 3434 1262 3474 unum
1287 3416 1515 3487 baptismam

417 3564 453 3614 20
471 3562 539 3629 Eph.
557 3563 582 3625 4,
600 3563 625 3615 5.

418 3700 504 3765 Epist.
520 3698 541 3752 1.
560 3729 594 3738 -
611 3699 629 3751 3
646 3702 777 3751 oratorem
790 3700 859 3762 ΜΟ,
878 3702 996 3752 oratores
1017 3700 1159 3752 Pometiae·
1177 3701 1225 3765 gai
1242 3715 1277 3752 ea
1294 3699 1383 3751 codice
1402 3698 1481 3751 Cam-

349 3785 479 3837 broniensi
492 3784 602 3850 primate
621 3783 706 3836 edisio
724 3784 796 3836 hauc
814 3784 960 3849 epistulam
1063 3784 1081 3836 4
1099 3784 1189 3851 lectio]
1209 3783 1316 3836 dilectio
1335 3784 1405 3837 coni.
1425 3783 1482 3834 Ba·

349 3869 442 3922 aaziae
548 3870 565 3922 6
582 3869 654 3922 sicut
670 3868 894 3937 promittebamns
914 3868 1060 3932 Boluziuc,
1080 3885 1131 3922 oea.
1152 3869 1299 3921 Pometiae.

418 3955 505 4022 Epist.
523 3955 560 4007 Il.
578 3984 613 3994 -
631 3954 753 4021 Epistola
771 3954 889 4007 Cornelii
907 3971 992 4022 papae
1009 3955 1042 4007 ad
1063 3955 1218 4022 tiprianum
1238 3958 1254 4023 β
1371 3955 1402 4006 13
1420 3954 1479 4005 inli-

349 4042 420 4093 ceret
438 4042 463 4110 β,
487 4040 650 4093 interficeret
673 4040 813 4093 Betucius
835 4041 883 4107 qui
900 4039 973 4093 hauc
996 4039 1138 4107 epistolem
1162 4055 1197 4091 esc
1214 4038 1317 4092 <leobae
1341 4039 1417 4092 libera
1434 4056 1480 4092 ue·

349 4127 452 4180 teribus
470 4125 556 4181 edidit
700 4125 734 4178 lo
752 4126 845 4194 serore]
864 4141 970 4179 seruarc
988 4127 1006 4196 β
1024 4131 1050 4179 et
1072 4125 1135 4178 Bul.
1279 4125 1413 4190 geminine
1431 4127 1448 4194 β

350 4212 383 4263 19
402 4211 496 4265 audias
513 4211 578 4264 Bal.
683 4213 759 4278 ipsae]
779 4212 821 4264 nol
841 4227 891 4279 quo
910 4213 927 4280 β
