3720 4920
593 333 640 386 De
662 331 881 387 aleatoribus
904 347 926 385 c
946 332 1021 386 1-2.
1330 335 1373 402 93

234 493 271 552 ad
279 494 464 568 nequibant
477 491 547 555 sein
560 493 653 554 lacum
665 493 768 553 mortis
779 495 940 570 emergunt.
953 497 983 554 et
993 492 1126 568 qnoniam
1138 491 1167 551 in
1178 491 1261 553 nobis
1272 492 1373 553 diuina

233 599 265 656 et
289 598 410 670 paterna
437 597 531 671 pietas
556 597 737 671 apostolatus
752 598 888 657 ducatum
911 597 1034 656 contulit
1060 600 1090 654 et
1104 595 1241 655 nicarum
1256 595 1372 657 Domini

233 698 330 773 eodem
344 698 463 758 caelesti
477 699 644 772 dignatione
659 699 805 758 ordinauit
820 702 850 758 et
862 699 1003 773 originem
1015 698 1174 758 authentici
1189 699 1371 772 apostolatus

233 816 321 874 snper
335 818 419 875 quem
434 800 566 860 christun
581 800 714 859 fundauit
729 800 880 861 ecclesiam
894 801 925 860 in
940 799 1086 873 superiore
1099 803 1195 860 nostro
1211 803 1370 874 portamus,

211 905 351 977 incoepta
366 902 452 962 simul
467 904 610 978 potestate
626 903 755 963 soluendi
770 920 804 963 ac
815 902 928 978 ligandi
940 906 970 962 et
981 903 1125 963 curatione
1137 906 1255 976 peccata
1269 902 1369 963 dimit·

230 1004 326 1064 tendi:
355 1006 476 1065 salutm
502 1006 633 1066 doctrina
645 1006 840 1079 admonemur,
868 1023 904 1066 ne
920 1007 987 1065 duur
1003 1006 1235 1080 delinquentibus
1251 1007 1370 1065 adsidue

231 1107 415 1184 ignoscimus,
431 1108 490 1184 ipsi
504 1127 568 1170 cum
583 1109 625 1170 eis
639 1110 749 1184 pariter
762 1112 956 1185 torqueamur.

273 1210 312 1268 ut
332 1211 396 1272 ideo
417 1211 462 1270 sal
482 1215 575 1271 terroe
596 1212 728 1286 dicimur,
756 1216 789 1272 ut
803 1229 838 1272 ex
860 1213 944 1273 uobis
959 1213 1053 1272 omnis
1068 1212 1236 1273 maternitas
1250 1212 1398 1273 caelestii

229 1310 372 1385 sapientia
401 1314 533 1374 saliatur.
556 1332 622 1374 nam
650 1333 716 1375 cum
741 1315 836 1375 Meet:
867 1316 924 1375 sal
945 1317 1064 1375 autem
1086 1314 1118 1374 ei
1140 1314 1370 1374 infatuatum

193 1414 354 1488 roiuerit,
384 1417 504 1475 nihilo
526 1417 682 1489 calebit,
711 1418 786 1477 nisi
809 1422 849 1477 ut
869 1418 1081 1493 proiciatur
1109 1418 1211 1477 foras
1233 1421 1268 1478 et
1290 1436 1370 1480 con-

228 1516 398 1577 culcetur
419 1519 461 1577 ab
482 1518 701 1590 bominibus,
723 1520 779 1578 boc
804 1535 938 1579 ueremur
963 1522 993 1578 et
1019 1519 1163 1590 timemus,
1188 1536 1224 1578 ne
1251 1536 1316 1579 cum
1338 1520 1369 1579 in

228 1618 350 1679 ecclesia
376 1620 470 1680 securi
492 1621 568 1695 quod
583 1621 665 1681 uobis
681 1621 867 1680 sacerdotalis
883 1621 1013 1701 dignitas
1027 1639 1046 1680 a
1060 1621 1182 1681 Domino
1198 1620 1307 1681 tradita
1322 1625 1368 1681 est

228 1720 430 1795 neglegentiae
449 1752 509 1795 η,
535 1723 616 1782 iuxta
641 1724 780 1797 quosdam
805 1723 912 1782 fratres
938 1723 1047 1781 inertes
1073 1721 1286 1796 repperiamur‚
1315 1726 1367 1782 aut

230 1822 298 1881 dum
323 1822 428 1882 falsam
454 1824 738 1884 communicationem
765 1825 875 1897 damus,
902 1824 934 1882 id
954 1825 1030 1897 quod
1051 1841 1114 1883 cnm
1136 1825 1173 1883 ho
1194 1841 1242 1884 ore
1264 1826 1299 1884 de
1313 1825 1367 1885 Dei

194 1943 220 1983 rs
230 1923 397 1999 dignatione
412 1924 594 1999 percipimus,
620 1926 790 2000 indignante
805 1925 927 1985 Domino
942 1940 977 1983 er
992 1925 1108 1998 propria
1121 1925 1195 1985 actio
1217 1926 1366 1986 eamitta·

227 2042 301 2085 mus.
335 2027 406 2086 dicit
438 2027 512 2086 enim
538 2026 682 2100 scriptura
708 2027 822 2086 diuina:
851 2042 918 2085 nae
940 2026 1013 2086 erit
1035 2027 1260 2098 pastoribus.
1290 2029 1366 2101 quod

227 2126 254 2186 si
268 2125 327 2200 ipsi
341 2130 472 2200 pastores
487 2128 673 2202 neglegentes
688 2128 795 2202 reperti
807 2128 925 2200 inerint,
941 2127 1010 2201 quid
1020 2128 1234 2200 respondebunt
1244 2128 1366 2189 Domino

227 2244 278 2301 pro
301 2230 468 2303 pecoribus,
495 2229 574 2303 quid
586 2229 703 2288 dicent?
731 2230 915 2302 apecoribue
938 2246 969 2288 se
984 2246 1048 2288 esee
1064 2232 1203 2289 aeratos?
1229 2247 1286 2289 non
1301 2247 1363 2291 cre·

295 2460 312 2513 9
330 2459 428 2513 Matth.
447 2462 472 2524 5,
491 2461 532 2514 13.
637 2461 672 2514 16
688 2461 734 2516 Er.
752 2461 794 2523 34,
814 2462 839 2513 2.

295 2699 309 2753 1
328 2699 367 2767 se]
386 2700 414 2751 in
433 2714 461 2752 se
479 2697 562 2752 illicit
578 2700 641 2767 ,uto
776 2697 866 2750 inlatu
889 2697 971 2767 DYQ
994 2697 1042 2751 ced
1065 2698 1169 2769 tiocQ
1192 2714 1264 2754 corr.
1282 2717 1317 2754 m.
1336 2705 1361 2764 2,

221 2782 324 2837 inlatae
341 2783 379 2838 M
392 2783 441 2837 ced
457 2785 503 2836 tae
519 2784 618 2837 inrue.
706 2783 848 2851 emergunt
865 2781 956 2852 DQT,
974 2785 1113 2851 mergeto
1200 2784 1230 2837 in
1248 2799 1328 2839 orac

223 2868 242 2921 3
260 2868 398 2923 ordinauit
414 2869 452 2933 D,
470 2868 579 2923 ornauit
599 2867 653 2937 QT
807 2868 912 2936 origiue
932 2865 985 2936 ΘΤ
1137 2868 1310 2924 autbeudicia
1330 2872 1360 2934 T,

225 2952 364 3006 autentica
380 2953 417 3007 Μ
432 2953 487 3008 scd.
505 2969 537 3007 ca
553 2968 574 3007 e.
594 2953 612 3006 1.
762 2953 780 3006 4
798 2952 896 3006 cbristi
915 2951 943 3006 D
1092 2954 1120 3006 et
1139 2953 1280 3006 ecclesiam
1297 2953 1327 3007 D

222 3040 315 3092 noema
330 3037 361 3092 D
453 3039 471 3093 5
488 3039 528 3107 ac]
547 3040 576 3092 et
596 3040 622 3093 Τ
709 3037 847 3092 curatione
868 3039 899 3101 T,
918 3052 979 3091 oum
996 3037 1100 3091 ratione
1115 3036 1171 3109 Dq
1261 3040 1278 3092 6
1297 3039 1361 3095 dum

222 3122 261 3189 D,
280 3138 341 3177 cum
360 3123 428 3193 QTo
520 3121 678 3191 delinquent
698 3121 751 3192 QT
840 3121 929 3190 'lipsi
1000 3124 1172 3191 torqueamur
1190 3138 1240 3177 occ
1252 3125 1325 3195 Me·

222 3206 241 3260 8
258 3211 287 3262 et
304 3205 373 3277 ideo]
392 3206 451 3261 ideo
472 3208 512 3263 To
607 3207 624 3261 9
642 3205 770 3261 sallietur
791 3207 817 3260 T
907 3205 1075 3260 infatuatum
1092 3206 1130 3273 D,
1148 3206 1256 3262 fatuum
1276 3209 1329 3280 Qu

222 3291 258 3345 10
273 3291 346 3344 nibil
365 3291 406 3362 Qo
531 3293 564 3345 ut
581 3306 632 3346 om.
650 3290 723 3361 ΜΨ
844 3289 912 3343 loris
934 3292 957 3352 Q
1093 3293 1275 3348 cumcnlcetnr
1291 3296 1329 3350 M

223 3376 257 3429 11
275 3375 439 3445 nominum]
458 3376 576 3431 acaocac
595 3376 619 3446 o
635 3377 668 3430 en
684 3390 785 3445 mara:
804 3357 882 3428 &ee
899 3361 918 3427 i
935 3362 952 3428 ὅ
968 3372 1034 3429 uena
1127 3393 1161 3431 ns
1179 3393 1239 3432 oum
1255 3378 1360 3451 moa

224 3477 274 3517 nec
293 3463 340 3533 ρ’,
356 3480 390 3518 ne
406 3464 459 3519 Mo
583 3463 618 3517 12
635 3479 652 3516 a
669 3461 778 3516 domino
796 3476 883 3517 orno
1011 3462 1045 3516 13
1061 3464 1251 3535 neglegentiae
1267 3466 1359 3538 DQT,

223 3549 396 3618 negligentes
412 3566 445 3611 o;
461 3549 579 3603 inemec
597 3549 706 3619 rignum
723 3547 824 3601 addidi
903 3548 936 3601 14
954 3548 1194 3604 communicatione
1211 3551 1283 3606 false
1302 3554 1328 3607 T

222 3633 370 3688 inhonore
391 3635 417 3688 T
529 3634 563 3687 15
580 3632 745 3701 percepimus
764 3649 781 3686 c
896 3630 1072 3700 indignantes
1090 3634 1116 3687 T
1223 3643 1288 3704 poet
1306 3625 1359 3695 dno
1390 3669 1393 3674 -

223 3723 322 3786 repetit
342 3718 366 3788 Q
383 3717 486 3772 tradita
503 3719 545 3772 est
562 3718 580 3772 1.
598 3720 636 3771 12
654 3746 687 3756 -
706 3717 724 3770 1.
744 3719 777 3770 15
794 3716 973 3786 percepimus,
998 3733 1059 3786 cop.
1078 3735 1113 3772 m.
1132 3722 1166 3785 2,-
1187 3721 1220 3776 ios
1237 3723 1276 3778 M
1293 3730 1360 3791 post

221 3790 274 3859 dno
285 3808 303 3860 3
314 3805 405 3859 tincae
417 3819 488 3858 eras.
502 3810 528 3858 ct
539 3803 604 3858 odd.
617 3803 650 3856 ios
659 3817 742 3872 marg.
756 3801 828 3855 nihil
839 3800 915 3855 deest
995 3818 1027 3856 er
1038 3805 1148 3872 propria
1159 3809 1263 3861 actione
1275 3809 1313 3864 M
1313 3809 1358 3880 ρ’,

220 3889 434 3958 expropriatione
454 3888 485 3954 T,
503 3887 706 3957 exprobratione
721 3885 798 3955 120²,
816 3889 845 3939 et
862 3885 1037 3954 exprobrante
1054 3890 1126 3944 oceri
1144 3890 1296 3955 Poetelius,
1315 3910 1358 3948 ex·

220 3973 413 4043 probranteso
545 3972 723 4027 admittamus
741 3970 825 4041 ΠΟΥ
839 3970 1010 4036 (amittamus
1028 3973 1075 4043 Μ)
1203 3977 1236 4031 18
1253 3979 1357 4047 meotis

220 4058 321 4124 ΒΥΦ,
338 4075 435 4129 pecora
451 4060 488 4114 Μ
623 4056 690 4125 quid
707 4057 799 4111 dicent
815 4054 880 4118 ΒΤ,
898 4082 957 4108 m
968 4055 998 4110 id
1015 4056 1106 4112 dicent
1123 4059 1164 4127 M,
1183 4063 1248 4130 qnia
1266 4062 1357 4119 dicent

223 4144 313 4215 Qecd
329 4144 358 4198 di
375 4161 395 4199 e.
413 4145 440 4209 1.,
459 4144 525 4214 quid
542 4143 576 4198 de
592 4141 701 4197 domino
719 4156 814 4209 pecora
832 4139 924 4194 dicent
941 4157 958 4195 o
1099 4169 1114 4195 ι
1131 4146 1270 4213 pecoribus
1290 4149 1357 4220 ΟΛ

218 4229 372 4298 pastoribus
391 4230 428 4284 Μ
441 4232 472 4284 io
488 4246 545 4284 ras.
