3720 4920
634 342 682 398 De
698 341 783 397 bono
800 301 995 412 pudicitiae
1016 357 1040 397 c.
1058 341 1136 398 1-3.
1413 344 1456 411 15

312 499 473 562 latissimas
498 501 571 561 setis
592 503 662 574 puto
684 501 715 561 et
734 497 892 576 locupletes
913 500 1071 576 pudicitiae
1091 499 1193 560 laudes
1213 500 1341 576 prolerre
1354 500 1450 577 potui:
1567 537 1569 542 -

313 604 364 665 sed
386 622 594 680 superuacuum
615 605 684 667 duxi
709 605 827 667 laudare
848 624 912 667 eam
932 607 1043 668 diutius
1058 605 1135 681 apud
1149 605 1287 667 colantes.
1310 622 1363 667 uos
1378 605 1455 665 enim

312 704 394 766 illam
417 706 529 767 ornatis
549 709 617 767 dum
637 708 740 781 geritis
761 709 790 768 et
809 708 908 782 plures
930 709 993 768 eius
1013 709 1115 769 laudes
1135 707 1291 768 exercendo
1310 708 1456 782 profertis,

184 865 187 870 .
311 808 383 868 iacti
397 808 461 869 eius
476 812 684 883 ornamentum,
700 809 768 869 dum
783 811 813 871 et
827 809 880 869 illa
893 812 1023 871 uestrum
1038 812 1093 883 eet,
1109 810 1208 870 mutuo
1223 811 1324 879 decoro
1331 809 1455 870 inuicem

292 910 511 972 siemerandum.
532 911 587 971 illa
606 911 689 972 uobis
704 911 885 987 disciplinam
905 913 1045 974 bonorum
1060 911 1193 988 suggerit
1207 929 1328 984 morum,
1343 929 1395 972 uos
1409 911 1456 971 illi

313 1012 506 1073 ministerium
531 1014 687 1087 praestatis
713 1030 829 1088 operum
856 1017 1030 1075 sanctorum.
1053 1031 1122 1074 nam
1143 1013 1247 1074 stilla
1266 1017 1405 1089 quantum
1425 1016 1457 1073 et

313 1113 382 1187 quid
403 1117 510 1190 posset,
532 1132 656 1189 paruos
675 1117 819 1190 apparuit,
842 1118 873 1175 et
893 1116 962 1192 quid
983 1134 1035 1177 uos
1050 1115 1150 1176 uelitis
1165 1114 1230 1190 ipsa
1245 1115 1457 1176 demonstrauit

311 1218 343 1275 et
361 1217 467 1289 docuit,
489 1217 630 1290 copulatis
652 1217 683 1277 iu
703 1235 791 1278 unum
807 1219 918 1278 duobus
932 1218 1016 1279 bouis
1035 1218 1240 1279 mandatorum
1254 1220 1285 1277 st
1298 1235 1405 1291 rerum,
1419 1233 1456 1278 ne

312 1315 383 1390 quid
402 1318 538 1378 mutilum
558 1318 714 1392 uideretur,
735 1318 762 1378 si
782 1322 833 1379 aut
853 1322 1007 1394 praecepta
1027 1319 1200 1379 ministeriis
1223 1320 1275 1379 aut
1294 1317 1456 1395 praeceptis
1560 1399 1563 1404 Ι

278 1441 306 1483 ro
313 1417 476 1480 ministeria
490 1419 660 1481 defuissent.

354 1521 501 1583 Pudicitia
531 1525 577 1583 est
610 1525 701 1585 honor
727 1541 893 1600 corporum,
927 1531 1128 1584 omamentum
1153 1540 1279 1597 morum,
1310 1521 1482 1588 sauctitssd

311 1640 440 1698 sexuum,
463 1625 611 1685 uinculum
630 1626 886 1699 matrimoniorum,
908 1626 979 1686 fides
994 1627 1119 1701 generis,
1140 1625 1386 1701 propugnaculum
1400 1643 1455 1699 pu·

311 1724 399 1800 doris,
415 1725 481 1786 lons
496 1727 651 1801 castitatis,
666 1745 723 1804 pax
738 1728 847 1802 domus,
867 1726 1033 1789 concordiae
1055 1730 1151 1802 caput.
1174 1726 1316 1802 pudicitia
1330 1726 1457 1788 sollicita

311 1830 357 1888 est
378 1845 415 1887 ne
438 1828 485 1890 cui
504 1830 618 1902 placcat
637 1830 695 1890 nisi
715 1830 788 1890 sibi:
811 1830 952 1904 pudicitia
973 1846 1087 1904 semper
1101 1831 1273 1902 uerecunda,
1289 1831 1357 1889 dum
1371 1829 1455 1890 inno·

281 1932 427 1989 amnone
448 1935 540 1989 mater
561 1934 624 1990 est:
648 1931 788 2005 pudicitia
809 1948 921 2004 semper
941 1934 1061 1992 ornatur
1081 1932 1143 1992 solo
1164 1932 1283 2004 pudore,
1306 1931 1379 1990 bene
1399 1929 1456 1991 sibi

311 2032 381 2092 tunc
403 2033 517 2093 conscia
539 2033 574 2092 de
594 2032 826 2106 pulchritudine,
855 2034 881 2092 si
903 2032 1033 2106 inprobis
1054 2033 1198 2107 displicet
1221 2031 1361 2105 pudicitia
1379 2031 1455 2091 nihil

313 2137 542 2195 ornamentorum
569 2134 690 2209 quaent,
718 2135 804 2195 decus
829 2152 913 2194 suum
939 2133 1004 2208 ipsa
1029 2138 1084 2195 est.
1107 2135 1180 2194 haec
1206 2150 1258 2192 nos
1286 2134 1456 2193 conmendat

311 2235 443 2310 llomino,
465 2238 590 2297 conectit
609 2236 739 2297 Christo:
761 2236 1000 2312 decoemarum
1024 2235 1121 2295 omnia
1141 2236 1176 2294 de
1190 2234 1327 2295 membris
1342 2234 1455 2295 inlicita

313 2336 520 2398 desideriorum
539 2337 658 2411 proelia,
679 2352 779 2412 pacem
793 2337 900 2396 nostris
920 2338 1088 2413 corporibus
1108 2336 1231 2408 inducit,
1246 2337 1332 2395 beata
1346 2335 1411 2409 ipsa
1425 2338 1456 2396 et
1506 2348 1510 2358 ’

276 2438 413 2498 ”beatos
434 2439 563 2498 efficians
585 2439 661 2513 apud
676 2455 868 2512 quoscumque
883 2438 1014 2498 habitare
1030 2438 1177 2512 dignatur,
1199 2454 1287 2510 quam
1302 2453 1457 2510 numquam

313 2531 448 2601 accusare
470 2544 607 2615 possunt,
636 2558 689 2601 nec
710 2540 760 2614 qui
782 2558 845 2600 eam
866 2558 924 2601 non
946 2541 1070 2600 habent:
1093 2538 1272 2600 uenerabilis
1293 2539 1382 2598 stiam
1402 2540 1457 2601 ho·

314 2641 409 2702 stibus
433 2643 512 2716 suis,
541 2643 609 2702 dum
633 2640 715 2702 illam
740 2643 831 2702 multo
851 2641 945 2717 magis
970 2642 1114 2702 mirantur
1140 2641 1190 2715 qui
1213 2657 1379 2716 expugnaro
1400 2659 1457 2701 non

312 2747 443 2821 possunt.
468 2747 520 2804 sed
535 2748 568 2803 ut
582 2745 677 2803 uirtus
695 2744 754 2803 ista
774 2744 805 2802 in
825 2744 897 2804 uiris
919 2745 1042 2818 probata
1057 2760 1170 2817 sempor
1190 2744 1220 2804 et
1235 2759 1253 2802 a
1272 2741 1389 2803 faminis
1404 2743 1456 2802 ad·

313 2847 446 2922 peteuda,
469 2848 512 2907 sic
532 2846 650 2906 inimica
670 2847 733 2906 eius
754 2846 926 2920 inpudicitia
940 2861 1054 2920 semper
1068 2848 1114 2906 est
1129 2845 1316 2904 detestandaz
1340 2845 1457 2906 obscoe-

380 3106 396 3159 1
416 3108 482 3174 puto
499 3120 550 3160 om.
569 3105 597 3158 Z
700 3108 728 3160 et
745 3120 796 3160 cau
814 3105 857 3158 K¹
956 3104 1033 3173 potui
1051 3103 1097 3157 sed
1116 3119 1152 3157 ea
1167 3103 1319 3173 petinsssd
1336 3104 1412 3159 Km.
1430 3108 1456 3170 2,

311 3190 432 3260 potuisse
450 3192 477 3245 Ζ
596 3191 614 3245 2
632 3191 704 3246 enim
721 3191 810 3262 magis
828 3191 856 3245 Z
952 3247 953 3250 ,
975 3193 993 3243 4
1010 3189 1088 3258 facti]
1107 3188 1208 3244 facturi
1224 3191 1254 3243 Z
1371 3191 1457 3261 muto]

312 3274 424 3330 modulo
441 3275 468 3330 K
559 3277 741 3331 dissonando
759 3291 783 3342 o,
800 3275 937 3329 faenerato
955 3274 1021 3328 dum
1039 3275 1067 3327 Ζ
1168 3275 1248 3328 illam
1266 3275 1293 3329 Z
1395 3291 1459 3345 sug·

312 3363 389 3431 gerat
406 3362 434 3415 Z
536 3361 555 3418 'l
573 3361 695 3431 possita
798 3360 907 3414 uallatis
925 3359 977 3415 illa
993 3361 1021 3415 Ζ
1134 3359 1303 3429 Scopulatis
1320 3360 1359 3430 in]
1377 3375 1458 3429 copu-

312 3447 375 3502 lans
391 3447 419 3501 Ζ
530 3447 675 3518 atrorum]
694 3447 843 3502 utiterum
861 3447 889 3500 Ζ
996 3447 1014 3502 9
1033 3447 1163 3502 mutilum
1181 3445 1327 3516 uideretur]
1346 3446 1458 3501 utilium

311 3532 445 3586 sineretur
463 3533 491 3585 Z
558 3534 607 3586 aut
623 3533 766 3602 praecepta
783 3530 943 3585 ministeriis
960 3547 1013 3586 ora.
1031 3532 1059 3586 Z
1127 3531 1160 3585 11
1178 3529 1311 3600 pudicitia
1327 3544 1380 3584 ora.
1397 3530 1424 3583 Ζ

310 3616 397 3672 honor
419 3620 462 3672 est
486 3619 514 3672 Ζ
652 3618 689 3674 12
711 3617 943 3671 matrimoniorum
965 3617 986 3671 f.
1009 3633 1038 3687 g.
1061 3616 1291 3686 propugnaculum
1307 3631 1359 3670 ona
1377 3614 1425 3670 Ko

312 3701 352 3761 13
369 3701 469 3772 pudica
485 3704 513 3758 Z
624 3701 745 3757 sollicita
762 3718 813 3757 ora
833 3703 860 3756 Ζ
961 3702 997 3756 14
1015 3703 1058 3757 est
1075 3717 1109 3755 ns
1127 3701 1171 3755 cui
1186 3701 1295 3770 arripui,
1314 3702 1356 3755 ost
1373 3717 1407 3756 ne
1424 3701 1459 3761 Ζ,

310 3790 354 3844 est
370 3789 415 3842 cui
432 3788 472 3855 K,
488 3804 543 3844 non
561 3790 604 3843 est
621 3789 699 3844 onio
795 3787 953 3859 uaroennda]
971 3786 1087 3842 iocunda
1105 3787 1132 3841 Ζ
1232 3786 1267 3841 15
1283 3785 1334 3857 est]
1353 3789 1381 3841 et
1399 3788 1425 3841 Z

312 3875 531 3944 semperoan
615 3875 783 3930 ldnuncZ
869 3874 1009 3928 sioan
1095 3871 1243 3928 18deoZ
1327 3872 1459 3928 19beata

312 3960 381 4029 ipsa]
400 3961 433 4015 de
449 3959 620 4016 beatitudine
637 3976 687 4016 sua
704 3962 732 4016 Ζ
850 3959 887 4014 20
904 3958 995 4028 qnam]
1015 3959 1063 4028 qui
1075 3959 1103 4013 Ζ
1221 3957 1257 4012 21
1274 3974 1328 4014 non
1345 3959 1459 4028 possunt

311 4046 340 4102 Ζ
476 4047 534 4116 nec]
553 4062 587 4101 ne
603 4046 630 4101 Ζ
761 4046 797 4100 22
814 4046 865 4100 illa
881 4046 909 4100 Z
1044 4045 1175 4097 miramur
1190 4044 1218 4098 Z
1354 4044 1403 4112 qui
1419 4043 1457 4110 K

311 4157 605 4227 quanquam«,
784 4115 1458 4241 namneus2‚in'}iqaa1reon.nae,

310 4244 498 4384 zigmtngamctzo
583 4243 725 4299 solaminis
741 4242 945 4310 K,inllmisZ
1033 4240 1242 4300 ldsiomaZ
1345 4239 1457 4310 semper]
