3720 4920
479 379 524 434 De
542 379 799 451 singularitate
815 380 1020 437 clericorum
1038 399 1060 438 c.
1077 384 1154 440 4-7.
1323 388 1386 458 179

247 539 334 600 ritate
346 556 403 599 non
416 537 531 599 habitat
546 538 638 600 amica
653 539 814 614 concordia,
830 540 964 614 quoniam
977 558 1035 601 non
1049 541 1106 603 nisi
1120 542 1316 606 discordantes
1327 545 1384 606 ini-

248 643 373 704 micitias
387 645 476 704 creat.
491 642 562 703 iecit
576 643 710 718 equidem
723 643 873 704 mulierem
887 644 950 704 uiro
965 646 1103 706 Dominus
1124 647 1309 720 amatricem,
1332 650 1384 709 sed

246 745 392 820 serpentis
406 746 515 805 inuidia
529 763 681 819 personam
695 745 820 820 sumpsit
840 747 985 807 hostilem.
1009 748 1084 821 quod
1099 747 1124 807 si
1140 749 1191 808 illa
1205 750 1241 810 de
1256 749 1318 810 uiro
1334 766 1385 810 suo

245 848 318 906 nata
332 864 421 922 usque
437 847 521 907 hodie
538 848 633 920 ipsum
648 847 695 908 oui
710 848 840 922 iungitur
854 851 993 922 temptat,
1010 852 1115 922 quanto
1131 852 1223 924 magis
1245 851 1298 909 illa
1312 868 1386 926 quae

225 949 401 1023 seopulatur
416 950 498 1009 nulla
512 949 577 1023 lege
592 949 765 1009 coniuncta?
788 955 818 1009 at
839 950 865 1008 si
885 949 933 1008 illi
955 951 1006 1025 qui
1026 947 1082 1012 duo
1103 955 1171 1011 sunt
1183 952 1214 1010 in
1229 969 1313 1014 carne
1329 971 1386 1012 una

247 1049 374 1112 concreti
397 1052 635 1126 temptationibus
651 1052 760 1112 mutuis
776 1052 900 1112 inuicem
916 1056 1063 1128 pungunt,
1079 1053 1149 1127 quid
1164 1054 1275 1113 iaciunt
1290 1055 1322 1114 hi
1336 1055 1387 1129 qui

247 1153 279 1212 in
309 1171 366 1212 una
394 1170 477 1214 carne
507 1171 559 1214 nec
579 1154 641 1214 nati
656 1169 709 1215 nec
729 1154 820 1214 innoti
835 1157 924 1213 sunt?
948 1154 1116 1228 praesertim
1139 1157 1207 1229 quia
1228 1172 1280 1217 nec
1295 1155 1387 1216 Deum

247 1255 306 1315 iam
335 1256 466 1316 inuocare
497 1257 674 1330 permittitur
704 1257 753 1331 qni
770 1257 892 1338 caritate
908 1256 1027 1316 alterius
1057 1259 1208 1331 auocatur,
1238 1274 1292 1318 nec
1314 1259 1387 1317 sini·

248 1361 300 1416 tur
336 1359 460 1432 cogitare
491 1358 590 1418 diuina
619 1359 669 1433 qui
708 1359 765 1418 sibi
795 1358 921 1432 quaesiit
950 1358 997 1418 cui
1025 1358 1174 1420 exhiberet
1203 1360 1388 1421 domesticam

212 1475 359 1520 rocuram.
402 1463 518 1534 propter
548 1463 623 1533 qnod
653 1462 695 1519 sic
722 1460 871 1534 apostolus
904 1461 1029 1521 consulit
1053 1461 1167 1519 dicens:
1209 1463 1291 1522 uolo
1324 1478 1389 1521 nos

245 1561 326 1622 sine
348 1561 616 1621 sollicitudine
648 1578 740 1622 esse.
765 1563 827 1635 qui
856 1563 937 1621 eine
959 1577 1069 1620 uxore
1093 1565 1159 1634 est,
1188 1562 1388 1623 sollicitus

246 1665 304 1722 cst
330 1665 506 1738 quomodo
539 1665 689 1736 placeat
722 1664 812 1722 Dee:
845 1664 908 1735 qui
936 1667 1057 1722 autem
1090 1664 1202 1723 habet
1224 1660 1389 1724 uxorem,

246 1763 394 1838 cogitat
436 1781 526 1837 quae
570 1767 657 1824 sunt
699 1765 811 1823 huius
851 1764 992 1836 mundi,
1030 1767 1205 1839 quomodo
1240 1765 1391 1840 placeat

247 1866 362 1925 uxori.
396 1867 465 1941 quid
495 1869 541 1926 eat
583 1883 658 1924 nunc
688 1866 765 1939 quod
802 1866 832 1923 in
868 1868 922 1925 heo
957 1867 1154 1926 coniunctione
1183 1867 1322 1938 delectet,
1359 1867 1390 1924 in

212 1987 238 2026 aa
249 1983 307 2040 qua
323 1966 401 2026 solae
416 1984 529 2040 pugnae
546 1968 635 2025 sunt?
664 1969 715 2025 aut
737 1984 811 2040 quae
827 1967 939 2026 utilitas
954 1967 1049 2041 fauet,
1076 1969 1125 2027 ubi
1141 1985 1198 2027 non
1212 1970 1281 2027 eunt
1295 1967 1391 2029 cilicia

249 2068 429 2141 coniugalia,
457 2070 569 2141 quando
592 2083 644 2127 nce
667 2069 730 2140 ipsa
747 2070 870 2140 possunt
891 2085 954 2127 esse
971 2073 1094 2128 secura?
1117 2069 1232 2128 causele
1247 2072 1291 2129 eet
1306 2086 1389 2129 omne

248 2169 325 2243 quod
339 2169 461 2229 feminae
473 2172 517 2229 est
528 2175 558 2230 et
573 2169 718 2244 copulatio
731 2168 793 2229 eius
809 2185 922 2242 semper
937 2169 1045 2229 infesta
1059 2173 1113 2229 est.
1131 2171 1242 2230 foedere
1258 2187 1310 2230 suo
1327 2187 1390 2229 ma-

247 2287 321 2345 guas
347 2272 493 2331 molestias
521 2274 652 2345 praestat
677 2273 707 2328 et
733 2272 780 2328 cui
795 2269 961 2330 adhaeserit
976 2275 1076 2330 contra
1100 2271 1163 2343 ias,
1200 2271 1390 2331 insanabilem

247 2373 355 2447 ingerit
383 2375 505 2447 plagam.
537 2373 571 2431 de
602 2372 774 2434 carbonibus
804 2372 947 2431 scintillae
978 2372 1135 2445 dissiliunt,
1166 2373 1200 2431 de
1230 2373 1306 2433 ferro
1339 2391 1389 2432 ru·

213 2475 315 2549 robigo
330 2476 472 2547 nutritur,
499 2477 611 2534 morbos
633 2476 748 2548 aspides
771 2475 901 2545 sibilaut,
916 2479 946 2532 et
960 2475 1061 2533 mulier
1076 2475 1173 2533 fundit
1186 2474 1389 2548 concupiscen-

250 2575 310 2636 tiae
337 2576 534 2650 pestilentiam
562 2594 646 2651 quam
673 2576 806 2636 Salomon
835 2577 877 2636 sic
904 2581 1040 2649 conparat
1066 2577 1180 2637 dicens:
1210 2578 1252 2636 de
1273 2575 1389 2636 nesti·

250 2678 386 2738 mentis
409 2679 586 2751 procedet
608 2678 728 2749 tinea,
758 2680 794 2736 ct
816 2696 834 2736 a
856 2676 1013 2736 muliere
1036 2677 1222 2751 iniquitas
1246 2677 1329 2736 uiri.

294 2779 365 2839 Volo
387 2780 460 2838 scire
474 2796 547 2854 quae
568 2779 607 2838 sit
633 2778 745 2838 allectio
763 2778 822 2837 istu
840 2779 1014 2851 communie,
1046 2796 1118 2852 quae
1144 2779 1236 2839 morbi
1250 2778 1420 2847 dmeenmo‘(

250 2897 363 2954 semper
389 2881 523 2956 ambigua
548 2882 727 2953 propositum
753 2896 836 2938 suurn
863 2880 1033 2939 nutantibus
1060 2879 1188 2939 consiliis
1203 2881 1389 2954 impugnando

213 3000 240 3040 aa
252 2982 412 3043 conturbat.
436 2985 469 3040 nt
484 2983 552 3058 quid
567 2982 623 3042 sibi
638 2981 772 3041 adhibuit
787 2981 935 3041 mulierem
950 2981 999 3055 qni
1014 2982 1116 3041 ducere
1132 2982 1303 3055 contempsit
1317 2998 1388 3041 uxo·

249 3088 330 3144 rem?
354 3085 448 3143 omnis
478 3085 528 3156 qui
557 3101 613 3142 non
643 3084 862 3142 manducaberit
877 3100 1006 3153 manem,
1027 3086 1060 3140 ut
1089 3084 1161 3166 quid·
1183 3083 1390 3143 habitationem

249 3203 331 3245 suam
346 3186 442 3244 carnis
457 3185 642 3258 apparatibus
655 3186 768 3258 replet?
797 3189 827 3242 et
843 3184 893 3257 qui
909 3201 966 3243 nou
981 3184 1087 3242 biberit
1107 3184 1222 3255 uinum,
1243 3185 1314 3257 quid
1328 3184 1389 3242 uini

251 3286 440 3348 oblectatione
455 3286 635 3360 perfruitur?
653 3287 735 3361 quasi
756 3303 812 3345 non
836 3286 1014 3360 aliquotiens
1030 3286 1159 3346 habendo
1181 3304 1233 3346 neo
1247 3288 1390 3360 gustando

319 3572 382 3626 101
402 3572 460 3626 Cor.
479 3571 503 3634 7,
525 3572 566 3626 32.
673 3572 707 3626 21
726 3573 777 3627 Sir.
796 3575 840 3635 42,
860 3573 900 3626 13.

319 3828 334 3880 1
352 3827 480 3894 quoniam
498 3826 605 3895 quidem
624 3827 712 3881 (laed
730 3826 836 3894 quidem
856 3843 919 3895 exp.
1070 3828 1140 3880 2m.
1159 3827 1217 3880 uiro
1235 3825 1262 3878 d.
1281 3825 1311 3890 0,
1329 3827 1388 3880 niro

248 3909 275 3963 d.
293 3926 364 3965 mo
489 3911 659 3966 braciento
785 3912 992 3979 thaaosinitc
1119 3912 1153 3965 10
1170 3910 1356 3978 apostulusO

251 3994 284 4048 12
300 3994 333 4049 de
350 3982 401 4049 duo
420 3995 551 4063 quomodo
570 3997 593 4051 0
608 3997 657 4051 sed
675 3996 707 4050 de
725 3981 778 4050 dno
797 4013 861 4064 esp.
986 3998 1018 4051 13
1036 3998 1102 4050 sunt
1120 3997 1193 4050 solae
1212 4011 1351 4065 pugnaeo

251 4079 284 4132 16
301 4079 415 4149 causale]
435 4081 543 4134 casuale
559 4082 630 4134 coni.
643 4081 781 4135 Erasmus
850 4081 885 4133 22
904 4081 957 4134 uiri
968 4096 1030 4149 sap.
1049 4081 1172 4134 mulieris
1189 4096 1240 4134 scr.
1254 4079 1279 4135 0
1288 4082 1354 4134 m.2

250 4163 286 4219 24
303 4180 370 4234 qnae
388 4167 589 4236 propositumc
767 4166 801 4220 27
821 4165 880 4219 uini
900 4168 930 4232 0,
949 4165 1060 4222 uidendi
1077 4185 1103 4230 o,
1121 4182 1172 4221 om.
1191 4166 1353 4222 Reraboltua

250 4247 285 4302 28
302 4248 424 4305 habendo
446 4252 475 4315 G,
494 4250 609 4306 uidendo
627 4268 650 4314 c,
670 4256 699 4305 et
716 4251 832 4306 bibendo
851 4251 944 4306 Rernb.

1107 4343 1180 4400 12⁸
