3720 4920
616 381 662 434 Dc
680 381 768 435 bono
785 379 982 448 pudicitiae
1000 395 1022 433 c.
1041 379 1156 435 10-12.
1414 382 1458 448 23

310 540 504 614 inpediretur,
534 539 618 615 longe
643 543 730 600 esset.
761 541 861 598 nostra
886 541 948 598 est:
972 538 1015 598 ita
1034 554 1091 597 non
1118 541 1164 598 est
1190 539 1377 612 adquirenda,
1406 540 1458 599 sed

313 643 439 703 fouenda
453 658 526 717 quae
541 645 641 703 nostra
655 645 709 702 est.

354 744 429 815 Quid
456 746 502 805 ast
528 745 605 804 enim
630 745 710 804 aliud
733 743 873 818 pudicitia
894 760 981 818 quam
1001 759 1083 803 mens
1104 743 1227 803 honesta
1248 744 1285 802 ed
1300 743 1511 804 custodiamlt

311 846 438 920 eorporis
459 847 537 918 data,
563 850 597 906 ut
622 846 740 906 sexibus
767 845 898 905 redditus
924 844 1016 920 pudor
1036 845 1194 905 seueritate
1218 842 1353 920 signatus
1372 844 1459 906 lldem

291 949 427 1022 sgeneris
442 949 478 1009 de
492 949 657 1023 incorrupta
671 949 770 1008 sobole
785 949 940 1008 seruaret?
964 946 1121 1021 pudicitiae
1136 950 1243 1019 autem,
1258 947 1373 1020 fratros,
1389 965 1459 1008 con·

311 1051 414 1121 petunt
428 1053 459 1110 et
471 1050 581 1126 cogniti
597 1054 666 1109 sunt
680 1048 825 1123 inprimis
837 1049 955 1108 diuinus
970 1050 1062 1123 pudor
1078 1052 1108 1108 et
1129 1051 1347 1123 praeceptorum
1358 1052 1459 1111 sancta

310 1150 458 1212 meditatio
480 1155 511 1212 et
530 1152 643 1211 animus
663 1168 822 1225 propensus
843 1150 880 1208 ud
901 1150 986 1210 fldem
1007 1154 1037 1210 et
1059 1167 1140 1210 mens
1155 1150 1280 1211 attonita
1295 1153 1331 1211 ed
1346 1142 1458 1211 sacram

310 1251 495 1327 religionem:
519 1253 621 1313 deinde
642 1254 748 1323 uidere,
770 1269 807 1312 ne
828 1251 898 1326 qnid
919 1251 950 1310 ln
971 1269 1003 1312 se
1022 1253 1063 1311 sit
1078 1252 1157 1312 ultra
1170 1253 1286 1312 modum
1301 1252 1457 1327 sculptum,

309 1355 388 1415 ultra
402 1351 584 1416 honestatem
596 1357 775 1430 productum,
791 1372 828 1415 ne
843 1355 913 1427 quid
927 1354 1090 1430 prodigum,
1105 1371 1141 1414 ne
1160 1355 1229 1429 quid
1243 1356 1306 1414 arte
1318 1354 1458 1424 fucatum,

274 1471 346 1517 none
368 1457 438 1531 qnid
458 1458 495 1516 ad
521 1456 681 1517 inuitandos
701 1459 752 1516 eut
779 1457 949 1517 detinendos
970 1457 1069 1516 ocudos
1095 1456 1298 1516 lenocinatum.
1333 1473 1390 1515 non
1411 1459 1459 1516 est

309 1557 414 1631 pudica
436 1574 509 1630 quae
530 1559 656 1619 adfectat
678 1558 805 1617 animum
830 1558 951 1618 alterius
978 1574 1092 1617 monere
1114 1557 1203 1617 etiam
1224 1559 1308 1616 salua
1328 1558 1456 1631 corporis

309 1660 452 1721 castitate.
476 1661 560 1735 longe
581 1660 679 1720 absint
700 1660 805 1735 quibus·
831 1660 1014 1734 pulchritudo
1041 1677 1099 1720 non
1120 1662 1249 1731 ornatur,
1275 1660 1327 1719 sed
1348 1659 1457 1734 prosti-

306 1760 409 1820 tuitur.
432 1778 499 1820 nam
520 1761 681 1823 sollicitudo
702 1763 737 1823 de
757 1761 973 1835 pulchritudine
993 1764 1025 1820 st
1037 1763 1131 1821 malae
1152 1760 1259 1821 mentis
1273 1761 1411 1822 indicium
1425 1763 1457 1820 et

308 1859 499 1922 deformitatis
520 1867 574 1922 est.
598 1864 637 1922 sit
656 1867 761 1923 natura
781 1880 932 1937 corporum
952 1863 1045 1923 libera
1068 1880 1122 1924 uec
1136 1863 1245 1923 diuinis
1259 1862 1394 1938 operibns
1409 1862 1456 1922 in·

274 1964 421 2024 redemtum
441 1965 497 2023 uis.
520 1982 632 2038 semper
653 1970 698 2024 est
720 1967 826 2025 misera
846 1982 920 2038 quae
941 1965 998 2025 sibi
1012 1982 1071 2026 non
1085 1966 1184 2039 placet
1198 1966 1294 2040 qualis
1308 1969 1362 2026 est.
1387 1964 1457 2039 quid

309 2066 479 2141 capillorum
501 2069 631 2126 mutatur
650 2067 748 2127 color?
773 2068 843 2141 quid
866 2068 1012 2128 oculomm
1034 2068 1231 2128 extremitates
1251 2068 1456 2129 sullucantnrt

308 2152 378 2242 quid
398 2169 488 2228 facies
508 2170 619 2230 artibus
641 2171 672 2229 in
693 2171 839 2230 diuersam
860 2171 981 2231 formam
1002 2172 1203 2231 conuertitur?
1227 2171 1296 2244 qnid
1311 2174 1456 2244 postremo

309 2271 458 2342 speculum
472 2271 640 2344 conanulitur,
664 2272 721 2331 nisi
743 2273 811 2346 qnia
826 2291 863 2332 ne
878 2273 944 2347 ipsa
957 2275 997 2334 sit
1013 2274 1154 2333 timetur?
1177 2274 1274 2333 cultus
1289 2273 1376 2333 etiam
1391 2290 1455 2332 mu·

309 2371 390 2431 lieris
405 2373 526 2445 pudicae
539 2374 660 2447 pudicus
676 2375 731 2433 sit:
755 2375 930 2436 adulterium
945 2375 1041 2435 fidelis
1056 2393 1109 2434 nec
1125 2376 1156 2434 in
1171 2376 1315 2435 coloribus
1330 2373 1454 2434 nouerit.

270 2491 297 2533 ao
310 2474 441 2532 uestibus
466 2490 567 2533 curuum
593 2475 720 2534 intexere
747 2477 830 2550 quasi
857 2477 950 2550 pretio
977 2481 1024 2536 cst
1049 2479 1146 2537 uestes
1172 2492 1361 2550 corrumpere.
1385 2476 1454 2550 qnid

304 2574 383 2634 inter
405 2575 455 2633 dla
475 2577 629 2636 staminum
651 2578 775 2636 delicata
795 2577 892 2652 rigida
919 2578 1029 2638 faciunt
1050 2579 1190 2640 metalla?
1214 2578 1271 2639 nisi
1286 2581 1319 2637 ut
1333 2578 1457 2637 fluentes

377 2800 392 2855 1
414 2797 579 2867 impenditur
596 2799 621 2852 si
639 2798 667 2851 Ζ
740 2803 812 2854 essct
829 2802 861 2863 Ζ,
880 2803 921 2854 est
939 2799 986 2854 sed
1004 2799 1051 2856 Kc
1127 2800 1310 2854 neamenim
1327 2800 1422 2854 malim

301 2901 355 2939 uon
373 2901 426 2939 om.
446 2884 473 2936 Z
572 2883 725 2938 tianenda
742 2886 780 2948 K,
798 2884 912 2939 fruenda
929 2886 954 2938 Ζ
1063 2885 1170 2939 decim
1189 2888 1265 2939 esto
1377 2900 1456 2939 acu·

304 2968 395 3023 stedia
406 2969 433 3023 Z
533 2968 676 3023 dsexubus
695 2969 723 3023 Z
824 2969 934 3025 deditus
953 2971 985 3034 Z,
1004 2969 1123 3024 reditum
1141 2970 1174 3023 K
1281 2970 1455 3024 seumitatem

308 3053 433 3122 signatur
449 3053 516 3107 fides
534 3054 560 3107 Z
684 3057 702 3109 5
721 3055 829 3124 gennis
847 3054 886 3119 Ζ,
911 3056 999 3109 oneris
1018 3056 1061 3119 K,
1085 3056 1194 3110 honoris
1212 3072 1230 3111 o
1357 3055 1456 3110 iratres

307 3155 359 3193 otu.
377 3139 405 3192 Ζ
512 3140 529 3194 6
547 3141 660 3211 cogniti]
679 3141 777 3194 conata
795 3141 824 3194 Z
933 3140 1028 3209 pudor]
1047 3140 1130 3194 timor
1149 3141 1176 3193 Z
1279 3141 1295 3193 7
1315 3141 1456 3210 prepensis

303 3226 340 3290 Ζ,
364 3226 507 3294 protensus
530 3226 562 3279 K
661 3224 695 3279 ad
718 3223 809 3295 fldem]
834 3228 863 3279 et
885 3225 952 3280 fidas
970 3227 997 3279 Z
1100 3226 1220 3281 actonita
1241 3226 1268 3279 Ζ
1370 3226 1388 3279 8
1413 3225 1452 3280 sit

302 3326 354 3366 om.
373 3329 390 3367 e
484 3310 602 3381 modum]
620 3310 729 3365 domum
748 3311 776 3365 Z
873 3312 991 3366 scultum
1010 3312 1061 3376 K¹,
1080 3312 1215 3367 excultum
1234 3311 1261 3364 Z
1357 3314 1375 3365 9
1392 3326 1454 3381 pro·

304 3395 415 3450 ductam
433 3396 476 3450 K¹
568 3394 728 3465 prodignum
747 3395 786 3459 Z,
804 3396 942 3464 proditum
961 3397 1009 3450 Kc
1105 3400 1165 3450 arte
1183 3412 1232 3450 otc.
1253 3397 1280 3449 Z
1372 3397 1407 3450 10
1421 3411 1457 3451 ne

304 3479 370 3547 qnid
389 3495 440 3534 om.
458 3479 486 3533 Z
586 3479 621 3532 ad
639 3495 690 3533 om.
709 3480 737 3533 Z
840 3485 869 3533 ct
887 3480 1083 3535 andetincndos
1102 3481 1139 3544 Z,
1165 3485 1214 3534 aut
1231 3480 1455 3549 redintegrandos

306 3565 353 3620 Kc
466 3563 572 3617 occulos
590 3567 623 3627 Ζ,
639 3564 715 3617 dolos
734 3565 781 3619 Ko
896 3565 1107 3620 lenocinantium
1126 3565 1158 3619 K
1279 3567 1311 3619 ll
1331 3566 1456 3635 alterius]

305 3648 470 3704 adulterium
489 3648 516 3701 Z
595 3649 628 3702 13
644 3651 718 3720 nam]
738 3653 829 3704 antem
848 3649 876 3702 Ζ
955 3652 984 3703 et
1001 3650 1090 3704 malae
1107 3650 1218 3719 mentis]
1237 3651 1374 3706 alimentis
1393 3651 1420 3703 Z

305 3738 333 3789 ct
352 3733 535 3789 deformitatis
552 3733 681 3788 iudicium
701 3735 728 3788 Ζ
819 3737 853 3791 14
871 3738 914 3790 eat
931 3735 971 3789 sit
989 3736 1097 3804 natura]
1116 3737 1256 3805 signatum
1275 3736 1301 3790 Z
1396 3752 1453 3791 cor·

301 3819 413 3889 periso
500 3819 550 3872 iuri.
569 3819 622 3889 nis]
641 3820 698 3873 suis
717 3821 851 3875 inferatur
875 3821 902 3874 Z
993 3821 1027 3875 16
1045 3820 1213 3875 suffocantur
1230 3821 1267 3884 K.
1287 3822 1457 3876 manantur

304 3907 336 3971 Ζ,
356 3906 565 3960 suffuscanturv
669 3907 701 3959 ll
720 3907 826 3962 actibus
840 3907 872 3960 K
974 3906 1083 3961 diuersa
1100 3906 1188 3961 forma
1200 3908 1227 3960 Ζ
1334 3909 1368 3962 18
1380 3924 1455 3962 socu-

303 3991 360 4044 lum
380 3991 407 4044 Z
553 3991 666 4045 timetur
683 4008 717 4045 ne
735 3992 794 4062 ipsc
812 3992 851 4046 sit
868 3994 896 4047 Z
1048 3993 1171 4047 mulieris
1189 4009 1216 4062 p.
1234 4009 1259 4062 p.
1279 3993 1327 4062 sit]
1345 3993 1455 4048 mulieri

304 4076 437 4146 pudicicie
461 4074 559 4146 pudica
581 4076 626 4131 sed
650 4077 676 4131 Ζ
782 4080 815 4132 19
828 4079 1004 4147 aslulterinm]
1023 4078 1057 4132 ad
1076 4079 1202 4133 ultimum
1221 4078 1255 4132 K
1357 4079 1453 4133 tidelis.

305 4161 363 4216 Neo
381 4162 414 4215 K
497 4162 534 4216 20
551 4163 635 4216 uestis
653 4167 695 4217 est
712 4163 737 4217 Ζ
824 4164 855 4218 21
878 4163 949 4219 illias
968 4164 1081 4217 tamims
1099 4163 1229 4218 delicatas
1244 4164 1269 4217 Ζ
1354 4164 1455 4232 rigida]

304 4246 373 4301 ilida
390 4247 417 4300 Z
518 4251 550 4301 ut
568 4250 587 4301 1,
607 4249 744 4318 humeros]
762 4249 886 4304 etlncntis
905 4265 1013 4303 umerus
1030 4249 1055 4303 Ζ
