3720 4920
801 365 922 421 Oratio
939 365 979 421 11.
997 380 1020 420 o.
1038 366 1117 420 1-4.
1467 370 1528 435 149
1623 452 1624 455 ¹

381 523 477 596 tidem,
493 522 570 583 sieut
591 523 636 582 illi
652 524 689 583 ad
704 523 796 584 eitam
811 541 902 585 anuos
917 524 1080 598 quindeoim
1094 522 1242 583 addidisti.
1259 523 1302 600 sio
1317 525 1405 584 etms
1420 522 1526 582 liberas

380 625 419 687 da
435 626 491 688 hoo
511 627 637 699 saaomo,
653 626 730 686 siout
745 627 877 686 liberasti
891 627 1007 686 Teolam
1022 626 1057 686 da
1071 627 1165 686 madio
1181 625 1405 700 amphitheatro,
1421 625 1526 684 liberes

384 743 431 787 mo
445 728 483 788 ab
498 728 576 788 omni
592 727 762 788 infirmitate
778 729 872 788 earnis
887 744 976 802 meae.

427 830 469 890 Te
485 831 622 905 deprecor
637 834 721 904 pater
735 833 926 906 omnipotens,
942 830 993 906 qui
1008 829 1104 910 in'flne
1115 833 1277 905 temporum
1289 834 1526 915 commemoratus
1539 826 1561 885 3

357 948 414 993 aas
444 932 553 992 nostri:
591 933 697 992 misisti
723 934 806 994 uobis
837 933 933 993 Iesum
964 932 1111 993 Christum
1141 932 1234 992 tilium
1264 934 1347 994 tuum
1375 933 1468 993 Deum
1499 936 1530 994 at

383 1034 538 1094 Dominum
566 1038 707 1108 nostem,
735 1040 835 1095 uatum
860 1037 895 1094 de
911 1034 1004 1094 Maria
1025 1035 1139 1109 uirgine
1156 1035 1190 1095 de
1214 1035 1320 1110 spiritu
1336 1039 1448 1109 sancto,
1474 1037 1527 1096 ad-

382 1136 538 1197 nuntiante
554 1135 689 1197 Gabriele
704 1136 820 1211 angelo,
835 1154 887 1212 per
904 1153 990 1211 quem
1005 1153 1058 1196 nos
1074 1136 1208 1197 liberasti
1231 1138 1266 1197 de
1281 1137 1409 1212 periculo
1425 1138 1527 1199 mortis

382 1238 562 1300 inminentis.

425 1342 467 1402 ‘lo
493 1344 630 1417 deprecor
656 1341 748 1402 illium
773 1342 828 1404 Dei
853 1343 924 1416 uiui,
952 1343 1002 1419 qui
1026 1341 1124 1403 iecisti
1139 1345 1200 1404 tem
1219 1342 1380 1418 magnalia:
1404 1343 1434 1404 iu
1449 1343 1561 1403 Cenat

344 1464 374 1504 ao
382 1442 532 1504 Galilaeae
547 1444 583 1503 de
599 1461 675 1518 aqua
689 1444 790 1503 uinum
804 1444 911 1518 faeisti,
927 1448 1045 1520 propter
1068 1444 1143 1505 tilios
1155 1444 1248 1506 Israel
1263 1445 1314 1520 qui
1323 1446 1417 1505 oaeois
1429 1445 1528 1505 oeulos

381 1545 533 1620 aperuisti,
558 1546 607 1620 qui
633 1548 736 1606 surdos
757 1547 856 1606 eddim
878 1547 985 1621 fodisti,
1010 1548 1060 1622 qui
1084 1547 1261 1622 paralyticos
1276 1548 1314 1608 ad
1329 1564 1383 1607 sua
1397 1547 1526 1607 membre

382 1648 538 1721 rauooesti,
555 1649 605 1721 qui
621 1648 736 1709 soluisti
751 1648 868 1723 linguas
883 1650 1056 1724 blaesorum,
1073 1669 1092 1711 a
1106 1649 1255 1710 daemonio
1269 1651 1390 1710 aeratos
1405 1648 1527 1729 sanasti,

381 1749 483 1811 olodos
509 1767 623 1811 ourrero
649 1751 747 1811 ieeisti
770 1752 852 1812 uelut
877 1767 988 1825 soreos,
1015 1751 1164 1812 mulierem
1189 1750 1361 1826 eprofluuio
1376 1750 1528 1824 sauguinis

381 1851 529 1925 liberasti,
557 1855 686 1913 mortuos
713 1853 880 1926 suscitasti,
909 1870 995 1928 saper
1021 1871 1112 1929 squas
1137 1851 1260 1927 pedibus
1285 1850 1451 1924 ambulasti,
1469 1849 1529 1928 [qui
1569 1906 1570 1909 ,
1653 1900 1656 1907 ,

343 1953 471 2013 eePetro
498 1953 609 2014 labenti
635 1971 752 2013 manum
778 1955 935 2030 tradidisti}
969 1955 1020 2030 qui
1041 1970 1120 2014 mara
1141 1953 1272 2012 fundasti
1287 1955 1317 2012 et
1332 1953 1488 2012 terminum
1500 1952 1528 2011 ei

384 2055 520 2129 posuisti,
548 2055 598 2130 qui
626 2055 727 2115 dixisti
738 2076 755 2116 ι.
769 2057 916 2130 hueusque
942 2057 1042 2116 uenies
1069 2058 1099 2116 et
1122 2058 1152 2114 te
1178 2053 1227 2114 hio
1253 2053 1418 2128 eonfringes
1432 2054 1463 2112 in
1477 2057 1528 2113 tue

384 2157 505 2218 uirtute.
525 2160 554 2219 te
579 2158 718 2232 depreoor
744 2157 835 2217 filium
862 2157 967 2218 summi
993 2157 1048 2218 Dei
1074 2159 1192 2233 propter
1217 2157 1353 2217 uniuersa
1375 2155 1528 2217 eommisea

453 2459 468 2510 1
487 2456 522 2510 ad
540 2473 567 2510 u.
585 2472 610 2509 a.
629 2472 655 2524 q.
680 2454 816 2511 addedisti
838 2456 870 2519 Y,
897 2456 998 2511 auxisti
1021 2455 1051 2509 iu
1074 2471 1160 2510 annos
1183 2471 1233 2510 sua
1257 2455 1344 2510 uitam
1362 2456 1401 2520 N,
1427 2455 1528 2510 aexieti

379 2545 409 2595 in
432 2543 473 2609 (in
499 2557 551 2596 om.
575 2543 625 2611 reo)
647 2557 732 2596 anuos
755 2541 907 2610 quindecim
931 2541 965 2596 ad
989 2542 1078 2596 uitam
1100 2541 1201 2596 BMeo
1373 2542 1413 2596 aie
1430 2542 1459 2595 et
1476 2556 1527 2596 oss.

384 2626 516 2682 BMNae
706 2641 750 2679 mo
775 2625 870 2681 liberis
897 2626 930 2692 Y,
953 2626 1051 2682 liberae
1068 2641 1112 2680 me
1129 2627 1196 2691 ΒΝ,
1219 2624 1308 2681 libera
1324 2641 1367 2680 me
1385 2628 1458 2681 Mne

378 2712 397 2765 2
414 2712 466 2765 boo
484 2711 591 2766 saeculo
613 2711 647 2777 Y,
672 2711 760 2766 madio
784 2712 884 2765 saeouli
907 2711 988 2766 buius
1006 2711 1137 2767 BliiNoe
1257 2710 1441 2779 ampitheatro
1459 2711 1525 2776 NY,

379 2796 577 2865 amphitheatri
596 2814 618 2851 n
755 2795 842 2850 libare
860 2797 971 2852 BMNe
1108 2794 1196 2850 libera
1265 2810 1341 2849 meae
1358 2810 1409 2851 om.
1432 2796 1461 2850 Υ

379 2881 400 2939 3
418 2898 498 2937 omne
516 2883 580 2938 ΒΝ
725 2899 801 2937 meae
818 2899 868 2938 om.
887 2883 966 2938 BNa
1120 2882 1247 2951 4preoor
1263 2899 1286 2936 ss
1440 2882 1526 2935 omui·

379 2968 477 3035 potens
499 2967 532 3031 Y,
549 2968 704 3022 maiestatis
722 2968 766 3033 M,
784 2983 835 3027 om.
854 2967 932 3022 BNrs
1034 2967 1116 3022 duem
1134 2965 1195 3021 ΒΥ
1289 2966 1524 3034 oommemoratus]

381 3049 548 3104 eneruem
567 3049 611 3113 Μ,
628 3049 789 3105 matese
896 3048 1033 3104 omisere
1056 3049 1088 3115 Υ,
1105 3049 1219 3102 mittens
1237 3048 1369 3106 eorem
1478 3036 1526 3104 erl

375 3138 409 3188 a
427 3118 492 3188 effi
514 3134 548 3201 r,
567 3118 631 3188 en‘i‘n
650 3137 678 3188 et
695 3121 741 3188 effi
760 3134 827 3198 ee,
844 3117 908 3187 dn}
926 3121 972 3188 efn
990 3134 1077 3196 Mam
1093 3134 1258 3188 armemur
1276 3133 1341 3190 aaa.
1361 3134 1491 3190 eirene

373 3219 397 3273 ·6
414 3233 446 3273 ex
457 3218 547 3273 maria
565 3219 618 3274 Me
698 3219 714 3272 7
734 3217 853 3289 grabriel
870 3217 952 3274 MNe
1032 3217 1194 3287 masengeio
1212 3235 1234 3274 ss
1314 3218 1445 3273 liberauit
1463 3219 1491 3273 B

379 3304 397 3356 9
415 3305 453 3374 te]
472 3308 500 3358 et
518 3306 546 3359 te
565 3304 673 3359 BMNe
794 3301 873 3373 depre
891 3303 926 3358 N
1041 3302 1115 3358 tilius
1132 3319 1154 3357 a
1273 3303 1393 3359 meantia
1411 3303 1491 3358 BNn

277 3436 280 3441 .
379 3390 438 3443 tam
462 3388 494 3454 Y,
514 3391 594 3443 tanta
613 3389 745 3444 BMNno
835 3386 984 3457 magnalia]
1002 3386 1143 3442 mirabilia
1161 3389 1213 3444 Mo
1303 3389 1341 3458 iu]
1361 3388 1409 3458 qui
1426 3389 1491 3446 ino

379 3473 504 3528 chanaan
527 3474 560 3538 Y,
577 3474 665 3528 eleana
682 3473 735 3528 Nes
846 3473 879 3527 10
896 3472 968 3528 tilios
985 3488 1038 3527 om.
1057 3472 1189 3527 BMNsse
1299 3475 1333 3529 11
1351 3474 1399 3542 qui
1417 3472 1522 3544 surdoe]

379 3559 477 3614 surdoe
496 3558 524 3613 Β
637 3559 685 3629 qui
703 3574 755 3613 om.
775 3557 836 3613 ΒΝ
944 3556 1079 3629 paralicos
1097 3557 1136 3613 M
1247 3557 1435 3613 molosorum
1452 3557 1525 3622 ΒΜ,

377 3661 506 3700 nexorum
529 3645 556 3700 Y
681 3661 767 3701 aera.
787 3643 896 3699 BMNo
1021 3642 1193 3698 daemonium
1215 3643 1247 3709 Y,
1266 3642 1414 3700 daemomm
1432 3645 1494 3699 ΒΝ

377 3733 509 3785 utrantos
528 3732 565 3787 Μ
681 3731 715 3784 13
733 3729 826 3785 alodus
850 3730 876 3784 Y
989 3732 1128 3783 turrentes
1146 3730 1198 3785 Mo
1316 3730 1441 3785 mulieres
1460 3730 1494 3785 N

378 3817 403 3886 a]
423 3816 456 3871 de
476 3816 526 3872 Mo
682 3814 845 3886 prolubium
868 3814 899 3878 Y,
918 3812 991 3867 fluxu
1012 3812 1074 3868 ΒΝ
1229 3815 1264 3870 14
1280 3814 1449 3868 reemoitasti
1467 3830 1489 3868 a

376 3917 480 3970 aquam
498 3901 627 3958 BMNee
697 3902 801 3970 qui
816 3898 955 3955 tradidisti
974 3913 1026 3954 om.
1045 3898 1154 3955 BNYos
1224 3899 1258 3954 15
1276 3900 1406 3954 terminos
1424 3899 1495 3955 ΜΝ

305 3983 308 3990 ’
378 3987 413 4041 16
431 3986 579 4056 inposuisti
598 3986 658 4041 ΒΝ
783 3985 831 4055 qai
853 3984 885 4048 Y,
904 3985 933 4037 et
950 3982 993 4050 M,
1012 3998 1064 4040 om.
1085 3983 1164 4039 BNss
1297 3983 1392 4039 dixisti
1462 3999 1526 4039 oon·

373 4074 484 4143 iringus
502 4089 556 4130 om.
577 4073 655 4128 BNo
777 4069 925 4139 hueusque]
943 4083 1029 4138 usque
1051 4069 1083 4137 Y,
1101 4068 1154 4123 buo
1173 4071 1209 4126 Μ
1329 4071 1374 4125 bie
1393 4072 1421 4124 te
1438 4069 1489 4124 Mo

377 4158 408 4213 in
426 4174 477 4213 om.
498 4160 534 4214 Ν
623 4159 656 4211 17
675 4158 778 4212 uirtute
796 4159 845 4210 tua
861 4173 879 4210 o
973 4156 1001 4209 te
1019 4169 1069 4210 om.
1084 4154 1163 4210 BNss
1257 4155 1344 4210 fllium
1362 4172 1413 4213 ona
1433 4155 1495 4210 BN

372 4245 478 4299 summi
496 4244 540 4300 dei
563 4244 594 4310 Y,
614 4242 658 4298 dei
676 4243 735 4298 uiui
754 4244 835 4310 Mae,
853 4257 903 4298 orn.
923 4239 986 4297 BN
