3720 4920
402 311 466 376 234
879 307 1060 375 ‚lppendiic

352 468 389 524 21
447 468 501 525 Sed
517 484 589 540 quae
605 482 696 539 poena
710 469 807 524 manet
821 464 897 534 illos,
923 465 972 537 qni
998 468 1064 537 poet
1090 469 1201 523 tantam
1227 463 1371 535 euangelii
1397 463 1487 522 lucem
1503 463 1534 518 et

402 570 535 643 gratiam,
552 572 748 643 posteaquam
759 567 847 626 semel
862 566 1016 625 illuminati
1029 571 1106 637 scint,
1123 569 1315 640 gustanerunt
1329 565 1415 623 etiam
1431 565 1533 623 donum

402 671 541 740 caeleste,
564 675 594 729 et
612 671 768 743 participes
788 669 856 727 facti
878 674 945 728 scint
967 669 1087 742 spiritus
1110 669 1221 737 sancti,
1243 670 1432 740 gustauerunt
1446 683 1534 738 aeque

402 774 507 831 bonrum
526 773 577 831 Dei
604 773 722 830 iuerbum
737 773 915 843 uirtutesque
939 772 1046 830 saeculi
1062 772 1186 841 uenturi,
1214 772 1243 828 in
1265 770 1357 828 multa
1377 771 1464 841 atque
1480 769 1533 826 im·

402 877 497 934 mania
526 875 646 933 crimina
671 872 848 944 relabuntur,
874 874 1073 946 crucifigentes
1101 872 1288 946 sibimetipsis
1315 871 1405 930 lilium
1426 871 1479 927 Dei
1504 873 1555 929 ets

401 979 529 1036 ostentui
544 978 703 1035 habentes?
719 978 768 1050 qui
784 978 837 1035 hoc
851 978 919 1034 sunt
934 977 1020 1034 etiam
1035 974 1267 1045 miserabiliores,
1291 975 1366 1047 qood
1382 991 1444 1032 cum
1459 972 1533 1030 tales

401 1080 469 1147 sint,
486 1089 677 1153 aspamantur
692 1083 786 1137 minen
801 1078 992 1152 poenitentiae
1007 1076 1142 1136 salutaris
1159 1077 1325 1145 remedium,
1348 1077 1534 1133 contemnunt

402 1182 551 1241 ecclesiam
566 1184 727 1240 maternum
742 1180 880 1253 gremium
901 1182 1066 1239 offerentem
1087 1182 1118 1238 et
1137 1181 1174 1238 ad
1196 1179 1331 1238 sanitatis
1346 1177 1532 1235 instauratio·

401 1300 466 1341 nem
507 1283 686 1341 innitentem.
724 1282 861 1341 eiusmodi
894 1282 1014 1341 delectio
1051 1285 1188 1355 quantam
1225 1284 1311 1354 putas
1349 1278 1532 1352 ignominiam

402 1386 493 1444 inurit
533 1386 694 1444 ecclesiae?
734 1403 786 1445 nec
822 1403 856 1444 ea
896 1385 1052 1458 ignominia
1087 1402 1143 1442 non
1185 1386 1280 1457 potest
1316 1384 1456 1455 pertinere
1496 1383 1568 1440 adio

402 1487 547 1545 Christum
577 1487 625 1559 qni
653 1491 698 1544 cst
724 1491 810 1558 eaput
831 1486 966 1546 ecclesiae
993 1490 1022 1544 et
1048 1502 1099 1558 per
1125 1486 1220 1543 omnia
1246 1502 1328 1542 suum
1355 1502 1417 1543 esse
1443 1484 1531 1553 ducit,

400 1590 476 1662 qnod
502 1592 546 1648 est
572 1588 698 1660 corporis
723 1607 758 1647 ec
780 1589 967 1647 membrorum
993 1587 1095 1658 ipsius.
1126 1603 1142 1644 e
1168 1587 1290 1655 diuerso,
1315 1588 1422 1657 quanta
1443 1582 1532 1643 istim

400 1690 538 1750 ecclesiae
562 1690 727 1762 exsultatio,
760 1707 822 1750 cnm
853 1690 901 1762 qni
927 1691 1027 1763 lapsus
1053 1691 1098 1747 est
1123 1705 1174 1761 per
1206 1688 1411 1760 poenitentiam
1440 1687 1530 1744 eccle·

401 1793 460 1851 siae
476 1792 697 1852 reconciliatur?
714 1810 747 1851 ac
762 1809 798 1851 ne
812 1796 944 1865 putemus
958 1792 1013 1850 hcc
1027 1789 1163 1863 gaudium
1179 1790 1255 1863 apud
1270 1805 1323 1847 uos
1334 1791 1445 1847 tantum
1456 1804 1531 1858 esse,

400 1894 552 1952 Dominum
579 1893 728 1951 audiamus
749 1895 780 1951 in
801 1892 948 1965 euangelio
964 1883 1048 1952 κατὰ
1064 1893 1170 1950 Lucam
1182 1893 1361 1964 loquentem:
1376 1891 1430 1948 ita
1450 1891 1565 1948 dicem

400 1996 524 2065 uobis,
548 1997 641 2067 qnod
663 1996 834 2067 gandium
857 1995 931 2052 erit
953 1995 987 2052 in
1010 1996 1319 2064 caelosnperuno
1335 1995 1531 2062 peccatore

399 2096 670 2170 poenitentiam
701 2099 849 2169 agente,
882 2113 983 2168 quam
1026 2113 1135 2168 super
1171 2093 1377 2166 nonaginta
1407 2111 1530 2153 nouem

400 2198 531 2269 iustis,
566 2198 626 2270 qni
650 2215 717 2256 non
741 2199 916 2270 indigent
936 2198 1180 2269 poenitentia.
1211 2214 1277 2253 nem
1306 2197 1376 2254 haec
1402 2196 1532 2254 clausula

398 2300 463 2357 finit
477 2299 645 2372 parabolam
660 2301 694 2358 de
710 2304 835 2372 pastore,
851 2299 900 2372 qni
915 2299 1025 2357 relictis
1040 2300 1197 2370 nonaginta
1212 2315 1313 2358 nouem
1329 2299 1430 2356 ouibus
1444 2315 1529 2356 unam

399 2420 484 2475 quani
500 2421 518 2460 a
532 2418 620 2475 grege
635 2403 818 2461 aberrauerat
828 2401 918 2460 multo
929 2400 1025 2460 labore
1040 2401 1200 2474 quaesitam
1211 2418 1246 2459 ac
1255 2403 1371 2460 mndem
1382 2402 1526 2459 inuentum
1539 2423 1565 2462 ae

402 2505 540 2576 imposuit
554 2503 682 2562 humeris
697 2505 759 2562 suis
774 2509 804 2562 et
818 2503 915 2562 caulae
931 2502 1065 2562 restituit.
1082 2503 1169 2561 simili
1185 2504 1329 2563 sententia
1350 2506 1456 2563 claudit
1478 2523 1529 2578 pa-

399 2606 530 2664 rabolam
546 2607 580 2664 de
595 2605 730 2678 muliere,
746 2624 818 2679 qnae
832 2608 994 2665 drachmam
1017 2606 1157 2678 perditam
1180 2608 1338 2665 inuenerat.
1370 2608 1422 2664 ita
1450 2608 1531 2666 dico

399 2705 508 2764 uobis
530 2706 701 2778 gaudium
724 2707 799 2765 orit
821 2724 942 2764 corani
976 2708 1122 2780 angelis
1145 2708 1209 2766 Dei
1232 2724 1342 2780 snper
1364 2726 1431 2766 unc
1452 2723 1530 2780 pec·

399 2811 526 2866 catere
547 2808 815 2879 poenitentiam
838 2812 977 2881 agento.
1013 2824 1065 2868 nec
1091 2813 1187 2867 tamen
1202 2810 1256 2866 hcc
1272 2809 1313 2867 sic
1335 2810 1529 2882 accipiendum
1595 2805 1597 2811 '

399 2913 453 2979 est,
470 2910 553 2981 quasi
565 2911 623 2968 Deo
636 2912 665 2968 ot
676 2910 738 2968 eius
750 2910 861 2984 angelis
873 2912 984 2983 gratius
1000 2911 1039 2968 sit
1054 2914 1120 2984 post
1135 2913 1246 2984 lapsum
1262 2910 1355 2969 redire
1376 2912 1412 2967 ad
1436 2911 1528 2982 pieta·
1539 2934 1564 2972 is

398 3015 467 3081 tem,
490 3030 576 3084 qnam
591 3013 665 3070 citra
679 3012 792 3084 lapsum
807 3029 988 3084 perseuerare
1004 3015 1033 3070 in
1049 3014 1227 3072 innocentia:
1261 3014 1312 3071 sed
1328 3013 1469 3085 scriptura
1481 3029 1531 3070 suc

400 3130 476 3170 more
504 3113 629 3185 loquitur
665 3116 818 3171 secundum
856 3114 973 3172 allectus
1006 3115 1162 3186 humanos,
1193 3114 1265 3171 illud
1302 3116 1438 3172 testatum
1468 3129 1530 3171 esse

399 3215 498 3272 uolens
525 3216 584 3272 Deo
610 3216 805 3288 gratissimam
821 3232 883 3273 esse
904 3219 1318 3288 peccatorumconnersionem.
1349 3233 1416 3273 non
1440 3216 1531 3273 enim

398 3317 549 3387 quaerit
570 3320 720 3376 mortem
742 3316 966 3389 peccatoris,
1005 3319 1066 3375 sed
1090 3321 1207 3392 magis
1229 3322 1269 3376 nt
1291 3323 1532 3377 concertatur

398 3420 434 3475 ct
457 3419 569 3477 uiuat.
1540 3440 1565 3478 sc

348 3530 389 3587 22
443 3520 539 3593 Atqpe
554 3522 699 3580 interdum
713 3523 823 3594 piorum
839 3523 982 3582 hominum
1005 3526 1103 3596 lapsus
1124 3526 1256 3597 quamuis
1281 3542 1410 3585 enormes
1432 3526 1531 3584 diuina

399 3620 612 3694 dispensatione
629 3628 781 3682 nertirntnr
804 3626 834 3682 in
861 3643 1000 3684 summum
1023 3626 1161 3686 ecclesiae
1175 3627 1343 3700 profectum.
1374 3605 1415 3685 sic
1430 3627 1527 3698 lapsus

398 3725 445 3780 est
459 3725 651 3796 apostolomm
667 3726 810 3800 princeps,
826 3728 868 3787 sic
883 3728 992 3787 Paulos
1006 3730 1136 3802 gentium
1151 3730 1258 3801 doctor,
1285 3731 1328 3789 sic
1340 3730 1432 3789 Maria
1445 3731 1530 3802 Mag·

398 3824 509 3894 dalens,
526 3827 629 3898 quibus
644 3845 721 3886 nunc
737 3831 857 3887 ecclesia
871 3832 1022 3903 praecipue
1038 3830 1195 3904 gloriatur,
1211 3850 1330 3905 quornm
1353 3833 1450 3905 lapsus
1465 3850 1527 3890 ces·

398 3930 498 3985 serunt
514 3928 543 3985 in
559 3928 785 3989 stabilimentum
800 3947 833 3990 ac
848 3930 980 3990 solatium
996 3935 1096 3991 domus
1109 3934 1170 3992 Dei.
1187 3935 1337 4006 praeterea
1351 3952 1407 3992 non
1423 3934 1469 3992 bic
1484 3934 1528 3992 le·
1538 3953 1563 3993 aa

468 4177 500 4229 15
518 4177 581 4231 Luc.
601 4180 642 4241 lb,
661 4181 685 4232 l.
790 4182 824 4235 28
842 4182 885 4235 Ea.
905 4185 946 4248 le,
965 4183 1006 4237 3⁴2.
