<?xml version="1.0" encoding="UTF-8"?>
<!DOCTYPE html PUBLIC "-//W3C//DTD XHTML 1.0 Transitional//EN"
    "http://www.w3.org/TR/xhtml1/DTD/xhtml1-transitional.dtd">
<html xmlns="http://www.w3.org/1999/xhtml" xml:lang="en" lang="en">
 <head>
  <title>
</title>
<meta http-equiv="Content-Type" content="text/html;charset=utf-8" />
  <meta name='ocr-system' content='tesseract 3.04.00' />
  <meta name='ocr-capabilities' content='ocr_page ocr_carea ocr_par ocr_line ocrx_word'/>
</head>
<body>
  <div class='ocr_page' id='page_1' title='image "./sthascicaecilic00cyprgoog_0216.png"; bbox 0 0 3720 4920; ppageno 0'>
   <div class='ocr_carea' id='block_1_1' title="bbox 620 379 1434 453">
    <p class='ocr_par' dir='ltr' id='par_1_1' title="bbox 620 379 1434 453">
     <span class='ocr_line' id='line_1_1' title="bbox 620 379 1434 453; baseline 0.014 -19"><span class='ocrx_word' id='word_1_1' title='bbox 620 380 667 435; x_wconf 90' lang='lat' dir='ltr'>Do</span> <span class='ocrx_word' id='word_1_2' title='bbox 684 379 934 450; x_wconf 82' lang='lat' dir='ltr'>rebaptismate</span> <span class='ocrx_word' id='word_1_3' title='bbox 956 396 978 435; x_wconf 91' lang='lat' dir='ltr'>c.</span> <span class='ocrx_word' id='word_1_4' title='bbox 998 380 1112 439; x_wconf 80' lang='lat'>12-13.</span> <span class='ocrx_word' id='word_1_5' title='bbox 1392 389 1434 453; x_wconf 83' lang='grc'>85</span> 
     </span>
    </p>
   </div>
   <div class='ocr_carea' id='block_1_2' title="bbox 257 538 1487 2650">
    <p class='ocr_par' dir='ltr' id='par_1_2' title="bbox 257 538 1487 2650">
     <span class='ocr_line' id='line_1_2' title="bbox 296 538 1436 616; baseline 0 -14"><span class='ocrx_word' id='word_1_6' title='bbox 296 542 428 616; x_wconf 75' lang='lat' dir='ltr'>negando</span> <span class='ocrx_word' id='word_1_7' title='bbox 451 557 550 600; x_wconf 79' lang='lat' dir='ltr'>nomm</span> <span class='ocrx_word' id='word_1_8' title='bbox 574 538 720 598; x_wconf 85' lang='lat' dir='ltr'>Christum</span> <span class='ocrx_word' id='word_1_9' title='bbox 735 539 939 599; x_wconf 87' lang='lat' dir='ltr'>introducendo</span> <span class='ocrx_word' id='word_1_10' title='bbox 954 543 1006 599; x_wconf 90' lang='lat' dir='ltr'>aut</span> <span class='ocrx_word' id='word_1_11' title='bbox 1027 542 1171 615; x_wconf 88' lang='lat' dir='ltr'>sequendo</span> <span class='ocrx_word' id='word_1_12' title='bbox 1193 541 1294 614; x_wconf 89' lang='lat' dir='ltr'>alium,</span> <span class='ocrx_word' id='word_1_13' title='bbox 1317 542 1436 602; x_wconf 89' lang='lat' dir='ltr'>comsit</span> 
     </span>
     <span class='ocr_line' id='line_1_3' title="bbox 295 641 1436 718; baseline 0.001 -15"><span class='ocrx_word' id='word_1_14' title='bbox 295 642 393 703; x_wconf 91' lang='lat' dir='ltr'>nullus</span> <span class='ocrx_word' id='word_1_15' title='bbox 408 642 522 702; x_wconf 89' lang='lat' dir='ltr'>omnino</span> <span class='ocrx_word' id='word_1_16' title='bbox 538 641 622 713; x_wconf 87' lang='lat' dir='ltr'>elius,</span> <span class='ocrx_word' id='word_1_17' title='bbox 646 641 720 699; x_wconf 90' lang='lat' dir='ltr'>nihil</span> <span class='ocrx_word' id='word_1_18' title='bbox 736 641 797 715; x_wconf 87' lang='lat' dir='ltr'>spei</span> <span class='ocrx_word' id='word_1_19' title='bbox 814 643 864 699; x_wconf 83' lang='lat' dir='ltr'>ant</span> <span class='ocrx_word' id='word_1_20' title='bbox 879 641 983 700; x_wconf 86' lang='lat' dir='ltr'>salutis</span> <span class='ocrx_word' id='word_1_21' title='bbox 998 642 1053 701; x_wconf 91' lang='lat' dir='ltr'>eibi</span> <span class='ocrx_word' id='word_1_22' title='bbox 1068 641 1245 718; x_wconf 90' lang='lat' dir='ltr'>relinquunt,</span> <span class='ocrx_word' id='word_1_23' title='bbox 1268 661 1325 703; x_wconf 94' lang='lat' dir='ltr'>non</span> <span class='ocrx_word' id='word_1_24' title='bbox 1348 644 1436 704; x_wconf 87' lang='lat' dir='ltr'>aliter</span> 
     </span>
     <span class='ocr_line' id='line_1_4' title="bbox 295 743 1435 821; baseline 0.001 -17"><span class='ocrx_word' id='word_1_25' title='bbox 295 762 384 820; x_wconf 88' lang='lat' dir='ltr'>quem</span> <span class='ocrx_word' id='word_1_26' title='bbox 408 744 455 803; x_wconf 87' lang='lat' dir='ltr'>ilii</span> <span class='ocrx_word' id='word_1_27' title='bbox 481 743 532 818; x_wconf 91' lang='lat' dir='ltr'>qui</span> <span class='ocrx_word' id='word_1_28' title='bbox 559 759 654 802; x_wconf 88' lang='lat' dir='ltr'>coram</span> <span class='ocrx_word' id='word_1_29' title='bbox 680 743 844 802; x_wconf 85' lang='lat' dir='ltr'>hominibus</span> <span class='ocrx_word' id='word_1_30' title='bbox 869 747 1048 818; x_wconf 81' lang='lat' dir='ltr'>negauerunt</span> <span class='ocrx_word' id='word_1_31' title='bbox 1065 744 1221 816; x_wconf 91' lang='lat' dir='ltr'>Christum,</span> <span class='ocrx_word' id='word_1_32' title='bbox 1248 762 1320 820; x_wconf 93' lang='lat' dir='ltr'>quos</span> <span class='ocrx_word' id='word_1_33' title='bbox 1333 747 1435 821; x_wconf 78' lang='lat' dir='ltr'>negari</span> 
     </span>
     <span class='ocr_line' id='line_1_5' title="bbox 295 844 1436 922; baseline -0.001 -15"><span class='ocrx_word' id='word_1_34' title='bbox 295 863 412 907; x_wconf 83' lang='lat' dir='ltr'>neeesse</span> <span class='ocrx_word' id='word_1_35' title='bbox 427 849 473 906; x_wconf 88' lang='lat' dir='ltr'>est</span> <span class='ocrx_word' id='word_1_36' title='bbox 487 863 505 905; x_wconf 88' lang='lat' dir='ltr'>a</span> <span class='ocrx_word' id='word_1_37' title='bbox 520 844 646 916; x_wconf 87' lang='lat' dir='ltr'>Christo,</span> <span class='ocrx_word' id='word_1_38' title='bbox 668 862 725 903; x_wconf 92' lang='lat' dir='ltr'>non</span> <span class='ocrx_word' id='word_1_39' title='bbox 745 844 847 904; x_wconf 84' lang='lat' dir='ltr'>habita</span> <span class='ocrx_word' id='word_1_40' title='bbox 862 845 922 904; x_wconf 86' lang='lat' dir='ltr'>ulle</span> <span class='ocrx_word' id='word_1_41' title='bbox 936 845 1047 904; x_wconf 86' lang='lat' dir='ltr'>ratione</span> <span class='ocrx_word' id='word_1_42' title='bbox 1062 845 1188 919; x_wconf 89' lang='lat' dir='ltr'>ipsorum</span> <span class='ocrx_word' id='word_1_43' title='bbox 1205 863 1239 906; x_wconf 86' lang='lat' dir='ltr'>ex</span> <span class='ocrx_word' id='word_1_44' title='bbox 1253 848 1436 922; x_wconf 89' lang='lat' dir='ltr'>praecedenti</span> 
     </span>
     <span class='ocr_line' id='line_1_6' title="bbox 272 946 1436 1023; baseline 0.002 -17"><span class='ocrx_word' id='word_1_45' title='bbox 272 949 514 1012; x_wconf 79' lang='lat' dir='ltr'>seonuersatione</span> <span class='ocrx_word' id='word_1_46' title='bbox 530 964 627 1007; x_wconf 89' lang='lat' dir='ltr'>eorum</span> <span class='ocrx_word' id='word_1_47' title='bbox 642 949 693 1006; x_wconf 90' lang='lat' dir='ltr'>aut</span> <span class='ocrx_word' id='word_1_48' title='bbox 707 963 793 1006; x_wconf 90' lang='lat' dir='ltr'>eeneu</span> <span class='ocrx_word' id='word_1_49' title='bbox 808 950 860 1006; x_wconf 88' lang='lat' dir='ltr'>aut</span> <span class='ocrx_word' id='word_1_50' title='bbox 874 946 1027 1021; x_wconf 80' lang='lat' dir='ltr'>dignitate,</span> <span class='ocrx_word' id='word_1_51' title='bbox 1050 947 1169 1020; x_wconf 81' lang='lat' dir='ltr'><strong>proinde</strong></span> <span class='ocrx_word' id='word_1_52' title='bbox 1192 951 1278 1022; x_wconf 90' lang='lat' dir='ltr'>atque</span> <span class='ocrx_word' id='word_1_53' title='bbox 1300 948 1357 1023; x_wconf 92' lang='lat' dir='ltr'>ipsi</span> <span class='ocrx_word' id='word_1_54' title='bbox 1372 949 1436 1008; x_wconf 78' lang='lat' dir='ltr'>arisi</span> 
     </span>
     <span class='ocr_line' id='line_1_7' title="bbox 293 1049 1436 1124; baseline -0.002 -11"><span class='ocrx_word' id='word_1_55' title='bbox 293 1055 363 1114; x_wconf 90' lang='lat' dir='ltr'>eunt</span> <span class='ocrx_word' id='word_1_56' title='bbox 377 1052 524 1112; x_wconf 87' lang='lat' dir='ltr'>Christum</span> <span class='ocrx_word' id='word_1_57' title='bbox 546 1049 576 1109; x_wconf 94' lang='lat' dir='ltr'>id</span> <span class='ocrx_word' id='word_1_58' title='bbox 598 1053 643 1109; x_wconf 86' lang='lat' dir='ltr'>eet</span> <span class='ocrx_word' id='word_1_59' title='bbox 663 1051 787 1109; x_wconf 87' lang='lat' dir='ltr'>salutem</span> <span class='ocrx_word' id='word_1_60' title='bbox 802 1068 882 1109; x_wconf 88' lang='lat' dir='ltr'>suam</span> <span class='ocrx_word' id='word_1_61' title='bbox 897 1053 1047 1124; x_wconf 77' lang='lat' dir='ltr'>abrogare,</span> <span class='ocrx_word' id='word_1_62' title='bbox 1063 1051 1192 1110; x_wconf 83' lang='lat' dir='ltr'>damnati</span> <span class='ocrx_word' id='word_1_63' title='bbox 1207 1067 1259 1124; x_wconf 90' lang='lat' dir='ltr'>per</span> <span class='ocrx_word' id='word_1_64' title='bbox 1273 1052 1436 1113; x_wconf 89' lang='lat' dir='ltr'>huiusmodi</span> 
     </span>
     <span class='ocr_line' id='line_1_8' title="bbox 295 1151 1435 1230; baseline -0.002 -14"><span class='ocrx_word' id='word_1_65' title='bbox 295 1154 462 1230; x_wconf 76' lang='lat' dir='ltr'><strong>clausulam,</strong></span> <span class='ocrx_word' id='word_1_66' title='bbox 487 1153 556 1227; x_wconf 86' lang='lat' dir='ltr'>quia</span> <span class='ocrx_word' id='word_1_67' title='bbox 577 1152 809 1212; x_wconf 81' lang='lat' dir='ltr'>manifestissime</span> <span class='ocrx_word' id='word_1_68' title='bbox 824 1171 842 1212; x_wconf 86' lang='lat' dir='ltr'>a</span> <span class='ocrx_word' id='word_1_69' title='bbox 856 1153 978 1212; x_wconf 89' lang='lat' dir='ltr'>Domino</span> <span class='ocrx_word' id='word_1_70' title='bbox 1000 1151 1110 1212; x_wconf 89' lang='lat' dir='ltr'>dictum</span> <span class='ocrx_word' id='word_1_71' title='bbox 1133 1157 1193 1213; x_wconf 90' lang='lat' dir='ltr'>est:</span> <span class='ocrx_word' id='word_1_72' title='bbox 1217 1153 1435 1228; x_wconf 76' lang='lat' dir='ltr'>quicumque</span> 
     </span>
     <span class='ocr_line' id='line_1_9' title="bbox 293 1254 1435 1332; baseline 0 -15"><span class='ocrx_word' id='word_1_73' title='bbox 293 1274 346 1318; x_wconf 90' lang='lat' dir='ltr'>me</span> <span class='ocrx_word' id='word_1_74' title='bbox 379 1256 579 1332; x_wconf 81' lang='lat' dir='ltr'>negauerit</span> <span class='ocrx_word' id='word_1_75' title='bbox 611 1273 730 1315; x_wconf 90' lang='lat' dir='ltr'>coram</span> <span class='ocrx_word' id='word_1_76' title='bbox 763 1254 990 1328; x_wconf 84' lang='lat' dir='ltr'>horninibus,</span> <span class='ocrx_word' id='word_1_77' title='bbox 1022 1255 1165 1330; x_wconf 80' lang='lat' dir='ltr'>negabo</span> <span class='ocrx_word' id='word_1_78' title='bbox 1197 1273 1273 1315; x_wconf 90' lang='lat' dir='ltr'>enm</span> <span class='ocrx_word' id='word_1_79' title='bbox 1307 1260 1343 1317; x_wconf 90' lang='lat' dir='ltr'>et</span> <span class='ocrx_word' id='word_1_80' title='bbox 1370 1275 1435 1332; x_wconf 80' lang='lat' dir='ltr'>ego</span> 
     </span>
     <span class='ocr_line' id='line_1_10' title="bbox 294 1355 1436 1432; baseline -0.002 -13"><span class='ocrx_word' id='word_1_81' title='bbox 294 1376 412 1420; x_wconf 87' lang='lat' dir='ltr'>coram</span> <span class='ocrx_word' id='word_1_82' title='bbox 446 1360 554 1431; x_wconf 88' lang='lat' dir='ltr'>patre</span> <span class='ocrx_word' id='word_1_83' title='bbox 585 1373 661 1416; x_wconf 90' lang='lat' dir='ltr'>meo</span> <span class='ocrx_word' id='word_1_84' title='bbox 695 1355 755 1429; x_wconf 91' lang='lat' dir='ltr'>qui</span> <span class='ocrx_word' id='word_1_85' title='bbox 778 1356 955 1416; x_wconf 90' lang='lat' dir='ltr'>incaelis</span> <span class='ocrx_word' id='word_1_86' title='bbox 978 1359 1044 1416; x_wconf 90' lang='lat' dir='ltr'>est.</span> <span class='ocrx_word' id='word_1_87' title='bbox 1073 1360 1107 1416; x_wconf 88' lang='lat' dir='ltr'>ut</span> <span class='ocrx_word' id='word_1_88' title='bbox 1132 1358 1254 1417; x_wconf 90' lang='lat' dir='ltr'>uerbum</span> <span class='ocrx_word' id='word_1_89' title='bbox 1277 1359 1332 1417; x_wconf 91' lang='lat' dir='ltr'>hoc</span> <span class='ocrx_word' id='word_1_90' title='bbox 1357 1358 1436 1432; x_wconf 91' lang='lat' dir='ltr'>qni-</span> 
     </span>
     <span class='ocr_line' id='line_1_11' title="bbox 259 1456 1436 1535; baseline 0.001 -17"><span class='ocrx_word' id='word_1_91' title='bbox 259 1476 445 1535; x_wconf 80' lang='lat' dir='ltr'>socumque</span> <span class='ocrx_word' id='word_1_92' title='bbox 468 1459 555 1518; x_wconf 86' lang='lat' dir='ltr'>etiem</span> <span class='ocrx_word' id='word_1_93' title='bbox 577 1459 607 1517; x_wconf 92' lang='lat' dir='ltr'>in</span> <span class='ocrx_word' id='word_1_94' title='bbox 635 1456 764 1518; x_wconf 88' lang='lat' dir='ltr'>clausola</span> <span class='ocrx_word' id='word_1_95' title='bbox 788 1456 974 1517; x_wconf 80' lang='lat' dir='ltr'>confussionis</span> <span class='ocrx_word' id='word_1_96' title='bbox 1000 1457 1166 1531; x_wconf 89' lang='lat' dir='ltr'>plenissime</span> <span class='ocrx_word' id='word_1_97' title='bbox 1192 1458 1275 1517; x_wconf 90' lang='lat' dir='ltr'>nobie</span> <span class='ocrx_word' id='word_1_98' title='bbox 1302 1460 1436 1519; x_wconf 88' lang='lat' dir='ltr'>ostendat</span> 
     </span>
     <span class='ocr_line' id='line_1_12' title="bbox 294 1558 1435 1636; baseline 0 -16"><span class='ocrx_word' id='word_1_99' title='bbox 294 1563 370 1636; x_wconf 90' lang='lat' dir='ltr'>quod</span> <span class='ocrx_word' id='word_1_100' title='bbox 385 1561 467 1620; x_wconf 81' lang='lat' dir='ltr'>mulla</span> <span class='ocrx_word' id='word_1_101' title='bbox 482 1559 608 1621; x_wconf 83' lang='lat' dir='ltr'>conditio</span> <span class='ocrx_word' id='word_1_102' title='bbox 629 1559 721 1633; x_wconf 89' lang='lat' dir='ltr'>ipsius</span> <span class='ocrx_word' id='word_1_103' title='bbox 743 1558 905 1619; x_wconf 84' lang='lat' dir='ltr'>confitentis</span> <span class='ocrx_word' id='word_1_104' title='bbox 920 1559 1020 1618; x_wconf 87' lang='lat' dir='ltr'>obesse</span> <span class='ocrx_word' id='word_1_105' title='bbox 1041 1559 1143 1633; x_wconf 85' lang='lat' dir='ltr'>possit,</span> <span class='ocrx_word' id='word_1_106' title='bbox 1164 1560 1236 1618; x_wconf 89' lang='lat' dir='ltr'>licet</span> <span class='ocrx_word' id='word_1_107' title='bbox 1249 1563 1370 1632; x_wconf 77' lang='lat' dir='ltr'>negator</span> <span class='ocrx_word' id='word_1_108' title='bbox 1384 1561 1435 1620; x_wconf 93' lang='lat' dir='ltr'>ille</span> 
     </span>
     <span class='ocr_line' id='line_1_13' title="bbox 294 1659 1435 1736; baseline -0.004 -12"><span class='ocrx_word' id='word_1_109' title='bbox 294 1663 381 1724; x_wconf 73' lang='lat' dir='ltr'>antea</span> <span class='ocrx_word' id='word_1_110' title='bbox 395 1663 441 1722; x_wconf 89' lang='lat' dir='ltr'>uel</span> <span class='ocrx_word' id='word_1_111' title='bbox 458 1660 619 1721; x_wconf 89' lang='lat' dir='ltr'>haereticus</span> <span class='ocrx_word' id='word_1_112' title='bbox 635 1660 724 1719; x_wconf 85' lang='lat' dir='ltr'>inerit</span> <span class='ocrx_word' id='word_1_113' title='bbox 739 1660 785 1720; x_wconf 91' lang='lat' dir='ltr'>oel</span> <span class='ocrx_word' id='word_1_114' title='bbox 801 1660 919 1719; x_wconf 85' lang='lat' dir='ltr'>audiens</span> <span class='ocrx_word' id='word_1_115' title='bbox 934 1661 986 1719; x_wconf 87' lang='lat' dir='ltr'>eut</span> <span class='ocrx_word' id='word_1_116' title='bbox 1000 1659 1099 1720; x_wconf 86' lang='lat' dir='ltr'>audire</span> <span class='ocrx_word' id='word_1_117' title='bbox 1115 1659 1272 1735; x_wconf 86' lang='lat' dir='ltr'>incipiens,</span> <span class='ocrx_word' id='word_1_118' title='bbox 1298 1661 1348 1736; x_wconf 93' lang='lat' dir='ltr'>qui</span> <span class='ocrx_word' id='word_1_119' title='bbox 1363 1678 1435 1722; x_wconf 90' lang='lat' dir='ltr'>non-</span> 
     </span>
     <span class='ocr_line' id='line_1_14' title="bbox 296 1761 1435 1839; baseline -0.003 -14"><span class='ocrx_word' id='word_1_120' title='bbox 296 1766 364 1825; x_wconf 90' lang='lat' dir='ltr'>dum</span> <span class='ocrx_word' id='word_1_121' title='bbox 387 1765 551 1838; x_wconf 85' lang='lat' dir='ltr'>baptizatus</span> <span class='ocrx_word' id='word_1_122' title='bbox 575 1763 624 1839; x_wconf 94' lang='lat' dir='ltr'>sit,</span> <span class='ocrx_word' id='word_1_123' title='bbox 650 1762 698 1822; x_wconf 90' lang='lat' dir='ltr'>uel</span> <span class='ocrx_word' id='word_1_124' title='bbox 721 1763 756 1821; x_wconf 93' lang='lat' dir='ltr'>de</span> <span class='ocrx_word' id='word_1_125' title='bbox 778 1762 892 1821; x_wconf 89' lang='lat' dir='ltr'>haeresi</span> <span class='ocrx_word' id='word_1_126' title='bbox 915 1764 951 1821; x_wconf 88' lang='lat' dir='ltr'>ad</span> <span class='ocrx_word' id='word_1_127' title='bbox 967 1761 1121 1822; x_wconf 84' lang='lat' dir='ltr'>ueritatem</span> <span class='ocrx_word' id='word_1_128' title='bbox 1135 1761 1203 1822; x_wconf 85' lang='lat' dir='ltr'>fidei</span> <span class='ocrx_word' id='word_1_129' title='bbox 1218 1779 1373 1822; x_wconf 85' lang='lat' dir='ltr'>conuersus</span> <span class='ocrx_word' id='word_1_130' title='bbox 1387 1764 1435 1824; x_wconf 92' lang='lat' dir='ltr'>uel</span> 
     </span>
     <span class='ocr_line' id='line_1_15' title="bbox 293 1864 1436 1941; baseline -0.002 -15"><span class='ocrx_word' id='word_1_131' title='bbox 293 1867 330 1926; x_wconf 85' lang='lat' dir='ltr'>ab</span> <span class='ocrx_word' id='word_1_132' title='bbox 357 1865 478 1941; x_wconf 83' lang='lat' dir='ltr'>eeclesia</span> <span class='ocrx_word' id='word_1_133' title='bbox 505 1866 653 1939; x_wconf 74' lang='lat' dir='ltr'>digressus</span> <span class='ocrx_word' id='word_1_134' title='bbox 676 1868 706 1923; x_wconf 88' lang='lat' dir='ltr'>ot</span> <span class='ocrx_word' id='word_1_135' title='bbox 727 1867 827 1937; x_wconf 84' lang='lat' dir='ltr'>postea</span> <span class='ocrx_word' id='word_1_136' title='bbox 854 1880 986 1923; x_wconf 90' lang='lat' dir='ltr'>reuersus</span> <span class='ocrx_word' id='word_1_137' title='bbox 1014 1864 1069 1935; x_wconf 92' lang='lat' dir='ltr'>eit,</span> <span class='ocrx_word' id='word_1_138' title='bbox 1095 1865 1126 1922; x_wconf 91' lang='lat' dir='ltr'>et</span> <span class='ocrx_word' id='word_1_139' title='bbox 1147 1867 1217 1922; x_wconf 90' lang='lat' dir='ltr'>tuno</span> <span class='ocrx_word' id='word_1_140' title='bbox 1238 1882 1302 1924; x_wconf 90' lang='lat' dir='ltr'>eum</span> <span class='ocrx_word' id='word_1_141' title='bbox 1328 1866 1436 1924; x_wconf 90' lang='lat' dir='ltr'>rediret</span> 
     </span>
     <span class='ocr_line' id='line_1_16' title="bbox 258 1965 1436 2041; baseline -0.002 -14"><span class='ocrx_word' id='word_1_142' title='bbox 258 1966 374 2041; x_wconf 78' lang='lat' dir='ltr'>seprius</span> <span class='ocrx_word' id='word_1_143' title='bbox 402 1984 487 2040; x_wconf 86' lang='lat' dir='ltr'>quum</span> <span class='ocrx_word' id='word_1_144' title='bbox 503 1967 529 2026; x_wconf 92' lang='lat' dir='ltr'>ei</span> <span class='ocrx_word' id='word_1_145' title='bbox 544 1983 648 2025; x_wconf 89' lang='lat' dir='ltr'>manus</span> <span class='ocrx_word' id='word_1_146' title='bbox 663 1966 700 2026; x_wconf 89' lang='lat' dir='ltr'>ab</span> <span class='ocrx_word' id='word_1_147' title='bbox 722 1966 853 2039; x_wconf 89' lang='lat' dir='ltr'>episcopo</span> <span class='ocrx_word' id='word_1_148' title='bbox 875 1966 1068 2039; x_wconf 87' lang='lat' dir='ltr'>imponeretur</span> <span class='ocrx_word' id='word_1_149' title='bbox 1089 1965 1284 2038; x_wconf 79' lang='lat' dir='ltr'>adprehensus</span> <span class='ocrx_word' id='word_1_150' title='bbox 1306 1966 1436 2026; x_wconf 86' lang='lat' dir='ltr'>confiteri</span> 
     </span>
     <span class='ocr_line' id='line_1_17' title="bbox 295 2065 1435 2142; baseline -0.003 -14"><span class='ocrx_word' id='word_1_151' title='bbox 295 2068 442 2129; x_wconf 80' lang='lat' dir='ltr'>Christum</span> <span class='ocrx_word' id='word_1_152' title='bbox 470 2085 566 2127; x_wconf 86' lang='lat' dir='ltr'>eoram</span> <span class='ocrx_word' id='word_1_153' title='bbox 592 2067 756 2128; x_wconf 89' lang='lat' dir='ltr'>hominibus</span> <span class='ocrx_word' id='word_1_154' title='bbox 782 2084 898 2126; x_wconf 89' lang='lat' dir='ltr'>necesso</span> <span class='ocrx_word' id='word_1_155' title='bbox 924 2065 1069 2138; x_wconf 86' lang='lat' dir='ltr'>habuerit,</span> <span class='ocrx_word' id='word_1_156' title='bbox 1096 2067 1172 2125; x_wconf 89' lang='lat' dir='ltr'>siout</span> <span class='ocrx_word' id='word_1_157' title='bbox 1192 2067 1295 2126; x_wconf 84' lang='lat' dir='ltr'>iterum</span> <span class='ocrx_word' id='word_1_158' title='bbox 1315 2067 1435 2142; x_wconf 78' lang='lat' dir='ltr'>neganti</span> 
     </span>
     <span class='ocr_line' id='line_1_18' title="bbox 294 2167 1433 2243; baseline -0.004 -13"><span class='ocrx_word' id='word_1_159' title='bbox 294 2169 441 2230; x_wconf 88' lang='lat' dir='ltr'>Christum</span> <span class='ocrx_word' id='word_1_160' title='bbox 462 2168 545 2229; x_wconf 88' lang='lat' dir='ltr'>nulla</span> <span class='ocrx_word' id='word_1_161' title='bbox 566 2169 683 2243; x_wconf 90' lang='lat' dir='ltr'>propria</span> <span class='ocrx_word' id='word_1_162' title='bbox 703 2169 788 2227; x_wconf 90' lang='lat' dir='ltr'>uetus</span> <span class='ocrx_word' id='word_1_163' title='bbox 809 2168 936 2242; x_wconf 77' lang='lat' dir='ltr'>dignitas</span> <span class='ocrx_word' id='word_1_164' title='bbox 950 2170 1047 2242; x_wconf 91' lang='lat' dir='ltr'>potest</span> <span class='ocrx_word' id='word_1_165' title='bbox 1061 2170 1098 2227; x_wconf 86' lang='lat' dir='ltr'>ud</span> <span class='ocrx_word' id='word_1_166' title='bbox 1113 2168 1236 2227; x_wconf 86' lang='lat' dir='ltr'>salntem</span> <span class='ocrx_word' id='word_1_167' title='bbox 1249 2167 1433 2243; x_wconf 88' lang='lat' dir='ltr'>patrocinari.</span> 
     </span>
     <span class='ocr_line' id='line_1_19' title="bbox 336 2269 1487 2345; baseline -0.003 -14"><span class='ocrx_word' id='word_1_168' title='bbox 336 2272 538 2345; x_wconf 79' lang='lat' dir='ltr'>Quodcumque</span> <span class='ocrx_word' id='word_1_169' title='bbox 553 2270 630 2330; x_wconf 89' lang='lat' dir='ltr'>enim</span> <span class='ocrx_word' id='word_1_170' title='bbox 645 2270 676 2329; x_wconf 93' lang='lat' dir='ltr'>in</span> <span class='ocrx_word' id='word_1_171' title='bbox 690 2270 804 2330; x_wconf 85' lang='lat' dir='ltr'>homine</span> <span class='ocrx_word' id='word_1_172' title='bbox 819 2270 951 2329; x_wconf 87' lang='lat' dir='ltr'>ultimum</span> <span class='ocrx_word' id='word_1_173' title='bbox 972 2269 1002 2328; x_wconf 89' lang='lat' dir='ltr'>in</span> <span class='ocrx_word' id='word_1_174' title='bbox 1023 2271 1079 2330; x_wconf 88' lang='lat' dir='ltr'>hac</span> <span class='ocrx_word' id='word_1_175' title='bbox 1108 2269 1204 2344; x_wconf 88' lang='lat' dir='ltr'>specie</span> <span class='ocrx_word' id='word_1_176' title='bbox 1228 2272 1434 2344; x_wconf 91' lang='lat' dir='ltr'>deprehensum</span> <span class='ocrx_word' id='word_1_177' title='bbox 1445 2269 1487 2328; x_wconf 85' lang='lat'>13</span> 
     </span>
     <span class='ocr_line' id='line_1_20' title="bbox 293 2371 1434 2447; baseline 0 -14"><span class='ocrx_word' id='word_1_178' title='bbox 293 2373 392 2446; x_wconf 84' lang='lat' dir='ltr'>fuerit,</span> <span class='ocrx_word' id='word_1_179' title='bbox 407 2373 437 2431; x_wconf 94' lang='lat' dir='ltr'>in</span> <span class='ocrx_word' id='word_1_180' title='bbox 452 2373 503 2431; x_wconf 93' lang='lat' dir='ltr'>illo</span> <span class='ocrx_word' id='word_1_181' title='bbox 518 2372 641 2447; x_wconf 88' lang='lat' dir='ltr'>quisquo</span> <span class='ocrx_word' id='word_1_182' title='bbox 656 2375 785 2432; x_wconf 86' lang='lat' dir='ltr'>nostrum</span> <span class='ocrx_word' id='word_1_183' title='bbox 801 2371 920 2430; x_wconf 89' lang='lat' dir='ltr'>iudicari</span> <span class='ocrx_word' id='word_1_184' title='bbox 935 2387 1050 2431; x_wconf 88' lang='lat' dir='ltr'>necesse</span> <span class='ocrx_word' id='word_1_185' title='bbox 1066 2372 1194 2444; x_wconf 87' lang='lat' dir='ltr'>habebit,</span> <span class='ocrx_word' id='word_1_186' title='bbox 1210 2371 1327 2432; x_wconf 86' lang='lat' dir='ltr'>abolitis</span> <span class='ocrx_word' id='word_1_187' title='bbox 1342 2375 1372 2431; x_wconf 92' lang='lat' dir='ltr'>et</span> <span class='ocrx_word' id='word_1_188' title='bbox 1382 2375 1434 2433; x_wconf 91' lang='lat' dir='ltr'>ob·</span> 
     </span>
     <span class='ocr_line' id='line_1_21' title="bbox 257 2473 1435 2548; baseline -0.001 -12"><span class='ocrx_word' id='word_1_189' title='bbox 257 2475 421 2536; x_wconf 69' lang='lat' dir='ltr'>inliteratis</span> <span class='ocrx_word' id='word_1_190' title='bbox 441 2476 572 2548; x_wconf 85' lang='lat' dir='ltr'>omnibus</span> <span class='ocrx_word' id='word_1_191' title='bbox 588 2490 660 2548; x_wconf 91' lang='lat' dir='ltr'>quae</span> <span class='ocrx_word' id='word_1_192' title='bbox 676 2473 755 2547; x_wconf 90' lang='lat' dir='ltr'>prius</span> <span class='ocrx_word' id='word_1_193' title='bbox 771 2474 870 2546; x_wconf 83' lang='lat' dir='ltr'>gessit.</span> <span class='ocrx_word' id='word_1_194' title='bbox 897 2475 926 2532; x_wconf 84' lang='lat' dir='ltr'>et</span> <span class='ocrx_word' id='word_1_195' title='bbox 940 2473 1004 2532; x_wconf 89' lang='lat' dir='ltr'>ideo</span> <span class='ocrx_word' id='word_1_196' title='bbox 1018 2491 1083 2532; x_wconf 81' lang='lat' dir='ltr'>orum</span> <span class='ocrx_word' id='word_1_197' title='bbox 1097 2473 1127 2531; x_wconf 93' lang='lat' dir='ltr'>in</span> <span class='ocrx_word' id='word_1_198' title='bbox 1143 2474 1280 2548; x_wconf 80' lang='lat' dir='ltr'>martyrio</span> <span class='ocrx_word' id='word_1_199' title='bbox 1296 2478 1379 2533; x_wconf 84' lang='lat' dir='ltr'>tanta</span> <span class='ocrx_word' id='word_1_200' title='bbox 1394 2477 1435 2536; x_wconf 87' lang='lat' dir='ltr'>sit</span> 
     </span>
     <span class='ocr_line' id='line_1_22' title="bbox 295 2574 1435 2650; baseline 0.002 -15"><span class='ocrx_word' id='word_1_201' title='bbox 295 2577 417 2636; x_wconf 67' lang='lat' dir='ltr'>mumtio</span> <span class='ocrx_word' id='word_1_202' title='bbox 433 2593 529 2635; x_wconf 87' lang='lat' dir='ltr'>rerum</span> <span class='ocrx_word' id='word_1_203' title='bbox 544 2576 575 2633; x_wconf 93' lang='lat' dir='ltr'>in</span> <span class='ocrx_word' id='word_1_204' title='bbox 590 2578 733 2634; x_wconf 90' lang='lat' dir='ltr'>momento</span> <span class='ocrx_word' id='word_1_205' title='bbox 755 2574 903 2645; x_wconf 89' lang='lat' dir='ltr'>temporie,</span> <span class='ocrx_word' id='word_1_206' title='bbox 920 2576 953 2631; x_wconf 89' lang='lat' dir='ltr'>ut</span> <span class='ocrx_word' id='word_1_207' title='bbox 967 2574 997 2631; x_wconf 89' lang='lat' dir='ltr'>in</span> <span class='ocrx_word' id='word_1_208' title='bbox 1013 2590 1044 2632; x_wconf 91' lang='lat' dir='ltr'>re</span> <span class='ocrx_word' id='word_1_209' title='bbox 1058 2590 1197 2647; x_wconf 84' lang='lat' dir='ltr'>perquem</span> <span class='ocrx_word' id='word_1_210' title='bbox 1212 2575 1304 2634; x_wconf 88' lang='lat' dir='ltr'>ueloci</span> <span class='ocrx_word' id='word_1_211' title='bbox 1320 2578 1435 2650; x_wconf 83' lang='lat' dir='ltr'>possint</span> 
     </span>
    </p>
   </div>
   <div class='ocr_carea' id='block_1_3' title="bbox 258 2673 1432 3158">
    <p class='ocr_par' dir='ltr' id='par_1_3' title="bbox 258 2673 1432 3158">
     <span class='ocr_line' id='line_1_23' title="bbox 294 2673 1431 2753; baseline 0.002 -17"><span class='ocrx_word' id='word_1_212' title='bbox 294 2677 400 2736; x_wconf 83' lang='lat' dir='ltr'>mutari</span> <span class='ocrx_word' id='word_1_213' title='bbox 421 2677 565 2750; x_wconf 87' lang='lat' dir='ltr'>uniuersa,</span> <span class='ocrx_word' id='word_1_214' title='bbox 593 2692 675 2734; x_wconf 89' lang='lat' dir='ltr'>nomo</span> <span class='ocrx_word' id='word_1_215' title='bbox 698 2673 755 2733; x_wconf 90' lang='lat' dir='ltr'>sibi</span> <span class='ocrx_word' id='word_1_216' title='bbox 777 2674 944 2733; x_wconf 86' lang='lat' dir='ltr'>blandiatur</span> <span class='ocrx_word' id='word_1_217' title='bbox 964 2675 1014 2747; x_wconf 91' lang='lat' dir='ltr'>qui</span> <span class='ocrx_word' id='word_1_218' title='bbox 1030 2674 1207 2734; x_wconf 84' lang='lat' dir='ltr'>occasionem</span> <span class='ocrx_word' id='word_1_219' title='bbox 1222 2676 1352 2736; x_wconf 88' lang='lat' dir='ltr'>amiserit</span> <span class='ocrx_word' id='word_1_220' title='bbox 1366 2679 1431 2753; x_wconf 80' lang='lat' dir='ltr'>glo-</span> 
     </span>
     <span class='ocr_line' id='line_1_24' title="bbox 292 2775 1432 2851; baseline 0 -13"><span class='ocrx_word' id='word_1_221' title='bbox 292 2779 386 2838; x_wconf 86' lang='lat' dir='ltr'>riosae</span> <span class='ocrx_word' id='word_1_222' title='bbox 412 2778 527 2849; x_wconf 88' lang='lat' dir='ltr'>salutis,</span> <span class='ocrx_word' id='word_1_223' title='bbox 555 2777 580 2836; x_wconf 93' lang='lat' dir='ltr'>ei</span> <span class='ocrx_word' id='word_1_224' title='bbox 595 2777 669 2836; x_wconf 84' lang='lat' dir='ltr'>forto</span> <span class='ocrx_word' id='word_1_225' title='bbox 685 2793 717 2835; x_wconf 92' lang='lat' dir='ltr'>se</span> <span class='ocrx_word' id='word_1_226' title='bbox 732 2777 769 2835; x_wconf 86' lang='lat' dir='ltr'>ab</span> <span class='ocrx_word' id='word_1_227' title='bbox 784 2792 817 2834; x_wconf 89' lang='lat' dir='ltr'>ea</span> <span class='ocrx_word' id='word_1_228' title='bbox 832 2775 986 2834; x_wconf 77' lang='lat' dir='ltr'>excluserit</span> <span class='ocrx_word' id='word_1_229' title='bbox 1011 2777 1128 2849; x_wconf 87' lang='lat' dir='ltr'>propria</span> <span class='ocrx_word' id='word_1_230' title='bbox 1155 2793 1209 2835; x_wconf 88' lang='lat' dir='ltr'>sua</span> <span class='ocrx_word' id='word_1_231' title='bbox 1234 2777 1329 2851; x_wconf 86' lang='lat' dir='ltr'>culpa,</span> <span class='ocrx_word' id='word_1_232' title='bbox 1345 2778 1432 2838; x_wconf 89' lang='lat' dir='ltr'>sicuti</span> 
     </span>
     <span class='ocr_line' id='line_1_25' title="bbox 291 2877 1432 2954; baseline 0 -14"><span class='ocrx_word' id='word_1_233' title='bbox 291 2882 322 2941; x_wconf 86' lang='lat' dir='ltr'>et</span> <span class='ocrx_word' id='word_1_234' title='bbox 336 2879 390 2939; x_wconf 86' lang='lat' dir='ltr'>illa</span> <span class='ocrx_word' id='word_1_235' title='bbox 404 2896 476 2940; x_wconf 85' lang='lat' dir='ltr'>uxor</span> <span class='ocrx_word' id='word_1_236' title='bbox 491 2879 576 2950; x_wconf 85' lang='lat' dir='ltr'>Loth,</span> <span class='ocrx_word' id='word_1_237' title='bbox 593 2895 666 2954; x_wconf 88' lang='lat' dir='ltr'>quae</span> <span class='ocrx_word' id='word_1_238' title='bbox 681 2877 814 2937; x_wconf 88' lang='lat' dir='ltr'>similiter</span> <span class='ocrx_word' id='word_1_239' title='bbox 829 2877 859 2935; x_wconf 93' lang='lat' dir='ltr'>in</span> <span class='ocrx_word' id='word_1_240' title='bbox 871 2877 1015 2951; x_wconf 79' lang='lat' dir='ltr'>angustiis</span> <span class='ocrx_word' id='word_1_241' title='bbox 1024 2895 1120 2937; x_wconf 89' lang='lat' dir='ltr'>rerum</span> <span class='ocrx_word' id='word_1_242' title='bbox 1132 2880 1233 2938; x_wconf 85' lang='lat' dir='ltr'>contra</span> <span class='ocrx_word' id='word_1_243' title='bbox 1247 2882 1432 2954; x_wconf 88' lang='lat' dir='ltr'>praeceptum</span> 
     </span>
     <span class='ocr_line' id='line_1_26' title="bbox 258 2979 1431 3056; baseline -0.002 -12"><span class='ocrx_word' id='word_1_244' title='bbox 258 3003 285 3045; x_wconf 79' lang='lat' dir='ltr'>ee</span> <span class='ocrx_word' id='word_1_245' title='bbox 295 2984 463 3056; x_wconf 75' lang='lat' dir='ltr'>angelorum</span> <span class='ocrx_word' id='word_1_246' title='bbox 488 2982 685 3039; x_wconf 86' lang='lat' dir='ltr'>tantummodo</span> <span class='ocrx_word' id='word_1_247' title='bbox 711 2983 778 3053; x_wconf 91' lang='lat' dir='ltr'>poet</span> <span class='ocrx_word' id='word_1_248' title='bbox 801 2996 830 3037; x_wconf 85' lang='lat' dir='ltr'>se</span> <span class='ocrx_word' id='word_1_249' title='bbox 846 2979 973 3052; x_wconf 87' lang='lat' dir='ltr'>respexit</span> <span class='ocrx_word' id='word_1_250' title='bbox 988 2982 1018 3039; x_wconf 92' lang='lat' dir='ltr'>et</span> <span class='ocrx_word' id='word_1_251' title='bbox 1033 2979 1161 3038; x_wconf 91' lang='lat' dir='ltr'>tumulus</span> <span class='ocrx_word' id='word_1_252' title='bbox 1187 2980 1259 3039; x_wconf 88' lang='lat' dir='ltr'>salis</span> <span class='ocrx_word' id='word_1_253' title='bbox 1285 2980 1363 3041; x_wconf 84' lang='lat' dir='ltr'>iacta</span> <span class='ocrx_word' id='word_1_254' title='bbox 1377 2984 1431 3042; x_wconf 88' lang='lat' dir='ltr'>est.</span> 
     </span>
     <span class='ocr_line' id='line_1_27' title="bbox 293 3060 1432 3158; baseline -0.003 -15"><span class='ocrx_word' id='word_1_255' title='bbox 293 3100 351 3158; x_wconf 88' lang='lat' dir='ltr'>que</span> <span class='ocrx_word' id='word_1_256' title='bbox 371 3084 482 3142; x_wconf 88' lang='lat' dir='ltr'>rat-ione</span> <span class='ocrx_word' id='word_1_257' title='bbox 504 3083 593 3141; x_wconf 89' lang='lat' dir='ltr'>etiam</span> <span class='ocrx_word' id='word_1_258' title='bbox 616 3081 666 3139; x_wconf 90' lang='lat' dir='ltr'>illo</span> <span class='ocrx_word' id='word_1_259' title='bbox 681 3081 842 3140; x_wconf 86' lang='lat' dir='ltr'>haereticus</span> <span class='ocrx_word' id='word_1_260' title='bbox 858 3079 907 3153; x_wconf 89' lang='lat' dir='ltr'>qui</span> <span class='ocrx_word' id='word_1_261' title='bbox 923 3060 1083 3140; x_wconf 83' lang='lat' dir='ltr'>confitendo</span> <span class='ocrx_word' id='word_1_262' title='bbox 1099 3079 1207 3139; x_wconf 79' lang='lat' dir='ltr'>Christi</span> <span class='ocrx_word' id='word_1_263' title='bbox 1221 3097 1326 3140; x_wconf 87' lang='lat' dir='ltr'>nomen</span> <span class='ocrx_word' id='word_1_264' title='bbox 1340 3083 1432 3142; x_wconf 88' lang='lat' dir='ltr'>truci-</span> 
     </span>
    </p>
   </div>
   <div class='ocr_carea' id='block_1_4' title="bbox 252 3181 1432 3870">
    <p class='ocr_par' dir='ltr' id='par_1_4' title="bbox 252 3181 1432 3870">
     <span class='ocr_line' id='line_1_28' title="bbox 292 3181 1432 3256; baseline -0.002 -12"><span class='ocrx_word' id='word_1_265' title='bbox 292 3185 379 3244; x_wconf 86' lang='lat' dir='ltr'>datur</span> <span class='ocrx_word' id='word_1_266' title='bbox 405 3184 479 3243; x_wconf 93' lang='lat' dir='ltr'>nihil</span> <span class='ocrx_word' id='word_1_267' title='bbox 505 3185 606 3256; x_wconf 85' lang='lat' dir='ltr'>postea</span> <span class='ocrx_word' id='word_1_268' title='bbox 632 3185 728 3256; x_wconf 90' lang='lat' dir='ltr'>potest</span> <span class='ocrx_word' id='word_1_269' title='bbox 753 3181 906 3255; x_wconf 79' lang='lat' dir='ltr'>corrigere,</span> <span class='ocrx_word' id='word_1_270' title='bbox 933 3181 1050 3255; x_wconf 87' lang='lat' dir='ltr'>siquid</span> <span class='ocrx_word' id='word_1_271' title='bbox 1073 3182 1108 3240; x_wconf 91' lang='lat' dir='ltr'>de</span> <span class='ocrx_word' id='word_1_272' title='bbox 1123 3182 1184 3241; x_wconf 89' lang='lat' dir='ltr'>Deo</span> <span class='ocrx_word' id='word_1_273' title='bbox 1198 3185 1250 3241; x_wconf 88' lang='lat' dir='ltr'>eut</span> <span class='ocrx_word' id='word_1_274' title='bbox 1265 3182 1300 3241; x_wconf 90' lang='lat' dir='ltr'>de</span> <span class='ocrx_word' id='word_1_275' title='bbox 1316 3182 1432 3243; x_wconf 91' lang='lat' dir='ltr'>Christo</span> 
     </span>
     <span class='ocr_line' id='line_1_29' title="bbox 291 3283 1431 3360; baseline 0.001 -14"><span class='ocrx_word' id='word_1_276' title='bbox 291 3285 367 3346; x_wconf 84' lang='lat' dir='ltr'>mule</span> <span class='ocrx_word' id='word_1_277' title='bbox 393 3285 526 3360; x_wconf 87' lang='lat' dir='ltr'>senserit,</span> <span class='ocrx_word' id='word_1_278' title='bbox 553 3303 618 3345; x_wconf 91' lang='lat' dir='ltr'>oum</span> <span class='ocrx_word' id='word_1_279' title='bbox 641 3285 671 3344; x_wconf 91' lang='lat' dir='ltr'>in</span> <span class='ocrx_word' id='word_1_280' title='bbox 692 3283 780 3344; x_wconf 88' lang='lat' dir='ltr'>alium</span> <span class='ocrx_word' id='word_1_281' title='bbox 802 3284 892 3344; x_wconf 88' lang='lat' dir='ltr'>Deum</span> <span class='ocrx_word' id='word_1_282' title='bbox 918 3284 964 3344; x_wconf 93' lang='lat' dir='ltr'>uel</span> <span class='ocrx_word' id='word_1_283' title='bbox 980 3283 1010 3343; x_wconf 91' lang='lat' dir='ltr'>in</span> <span class='ocrx_word' id='word_1_284' title='bbox 1025 3284 1114 3344; x_wconf 85' lang='lat' dir='ltr'>elium</span> <span class='ocrx_word' id='word_1_285' title='bbox 1129 3284 1277 3344; x_wconf 80' lang='lat' dir='ltr'>Christum</span> <span class='ocrx_word' id='word_1_286' title='bbox 1292 3287 1431 3347; x_wconf 89' lang='lat' dir='ltr'>credendo</span> 
     </span>
     <span class='ocr_line' id='line_1_30' title="bbox 290 3386 1431 3462; baseline -0.001 -13"><span class='ocrx_word' id='word_1_287' title='bbox 290 3388 498 3462; x_wconf 88' lang='lat' dir='ltr'>semetipsum</span> <span class='ocrx_word' id='word_1_288' title='bbox 529 3386 648 3459; x_wconf 85' lang='lat' dir='ltr'>fefellit,</span> <span class='ocrx_word' id='word_1_289' title='bbox 679 3386 823 3446; x_wconf 79' lang='lat' dir='ltr'>confessor</span> <span class='ocrx_word' id='word_1_290' title='bbox 852 3404 908 3446; x_wconf 94' lang='lat' dir='ltr'>non</span> <span class='ocrx_word' id='word_1_291' title='bbox 931 3386 1050 3459; x_wconf 86' lang='lat' dir='ltr'>Christi,</span> <span class='ocrx_word' id='word_1_292' title='bbox 1081 3388 1132 3446; x_wconf 91' lang='lat' dir='ltr'>eed</span> <span class='ocrx_word' id='word_1_293' title='bbox 1163 3386 1293 3446; x_wconf 85' lang='lat' dir='ltr'>solitario</span> <span class='ocrx_word' id='word_1_294' title='bbox 1323 3386 1431 3448; x_wconf 85' lang='lat' dir='ltr'>Christ-i</span> 
     </span>
     <span class='ocr_line' id='line_1_31' title="bbox 252 3488 1431 3563; baseline 0.002 -15"><span class='ocrx_word' id='word_1_295' title='bbox 252 3490 419 3561; x_wconf 78' lang='lat' dir='ltr'>eonomine,</span> <span class='ocrx_word' id='word_1_296' title='bbox 451 3491 565 3563; x_wconf 89' lang='lat' dir='ltr'>qnando</span> <span class='ocrx_word' id='word_1_297' title='bbox 595 3492 624 3548; x_wconf 90' lang='lat' dir='ltr'>ot</span> <span class='ocrx_word' id='word_1_298' title='bbox 653 3488 799 3562; x_wconf 87' lang='lat' dir='ltr'>apostolus</span> <span class='ocrx_word' id='word_1_299' title='bbox 829 3492 1037 3563; x_wconf 85' lang='lat' dir='ltr'>consequenter</span> <span class='ocrx_word' id='word_1_300' title='bbox 1066 3489 1160 3548; x_wconf 89' lang='lat' dir='ltr'>dicet:</span> <span class='ocrx_word' id='word_1_301' title='bbox 1191 3490 1262 3549; x_wconf 91' lang='lat' dir='ltr'>etsi</span> <span class='ocrx_word' id='word_1_302' title='bbox 1294 3507 1431 3563; x_wconf 88' lang='lat' dir='ltr'>eorpus</span> 
     </span>
     <span class='ocr_line' id='line_1_32' title="bbox 289 3590 1431 3665; baseline -0.001 -12"><span class='ocrx_word' id='word_1_303' title='bbox 289 3609 401 3654; x_wconf 91' lang='lat' dir='ltr'>meum</span> <span class='ocrx_word' id='word_1_304' title='bbox 424 3592 625 3664; x_wconf 81' lang='lat' dir='ltr'>tradidero,</span> <span class='ocrx_word' id='word_1_305' title='bbox 649 3590 704 3649; x_wconf 86' lang='lat' dir='ltr'>ita</span> <span class='ocrx_word' id='word_1_306' title='bbox 726 3590 765 3649; x_wconf 86' lang='lat' dir='ltr'>u&#39;t</span> <span class='ocrx_word' id='word_1_307' title='bbox 787 3607 918 3650; x_wconf 75' lang='lat' dir='ltr'>exerrat</span> <span class='ocrx_word' id='word_1_308' title='bbox 940 3591 1028 3665; x_wconf 80' lang='lat' dir='ltr'>igni,</span> <span class='ocrx_word' id='word_1_309' title='bbox 1051 3590 1291 3651; x_wconf 88' lang='lat' dir='ltr'>dilectionem</span> <span class='ocrx_word' id='word_1_310' title='bbox 1312 3594 1431 3652; x_wconf 86' lang='lat' dir='ltr'>autem</span> 
     </span>
     <span class='ocr_line' id='line_1_33' title="bbox 288 3693 1430 3769; baseline 0.001 -16"><span class='ocrx_word' id='word_1_311' title='bbox 288 3711 358 3754; x_wconf 90' lang='lat' dir='ltr'>non</span> <span class='ocrx_word' id='word_1_312' title='bbox 380 3695 541 3765; x_wconf 79' lang='lat' dir='ltr'>habeam,</span> <span class='ocrx_word' id='word_1_313' title='bbox 564 3693 664 3752; x_wconf 93' lang='lat' dir='ltr'>nihil</span> <span class='ocrx_word' id='word_1_314' title='bbox 687 3694 858 3768; x_wconf 83' lang='lat' dir='ltr'>proficio.</span> <span class='ocrx_word' id='word_1_315' title='bbox 882 3695 950 3766; x_wconf 89' lang='lat' dir='ltr'>quia</span> <span class='ocrx_word' id='word_1_316' title='bbox 972 3695 1026 3752; x_wconf 90' lang='lat' dir='ltr'>hoc</span> <span class='ocrx_word' id='word_1_317' title='bbox 1048 3693 1123 3752; x_wconf 83' lang='lat' dir='ltr'>fecto</span> <span class='ocrx_word' id='word_1_318' title='bbox 1146 3693 1222 3752; x_wconf 90' lang='lat' dir='ltr'>nihil</span> <span class='ocrx_word' id='word_1_319' title='bbox 1244 3695 1358 3768; x_wconf 87' lang='lat' dir='ltr'>proficit</span> <span class='ocrx_word' id='word_1_320' title='bbox 1380 3697 1430 3769; x_wconf 88' lang='lat' dir='ltr'>qni</span> 
     </span>
     <span class='ocr_line' id='line_1_34' title="bbox 288 3794 1430 3870; baseline 0.003 -16"><span class='ocrx_word' id='word_1_321' title='bbox 288 3811 345 3854; x_wconf 94' lang='lat' dir='ltr'>non</span> <span class='ocrx_word' id='word_1_322' title='bbox 360 3795 449 3853; x_wconf 85' lang='lat' dir='ltr'>hebet</span> <span class='ocrx_word' id='word_1_323' title='bbox 464 3795 645 3855; x_wconf 90' lang='lat' dir='ltr'>dilectionem</span> <span class='ocrx_word' id='word_1_324' title='bbox 660 3795 722 3854; x_wconf 91' lang='lat' dir='ltr'>eius</span> <span class='ocrx_word' id='word_1_325' title='bbox 736 3794 791 3854; x_wconf 88' lang='lat' dir='ltr'>Dei</span> <span class='ocrx_word' id='word_1_326' title='bbox 805 3797 835 3853; x_wconf 87' lang='lat' dir='ltr'>et</span> <span class='ocrx_word' id='word_1_327' title='bbox 850 3795 968 3866; x_wconf 90' lang='lat' dir='ltr'>Christi,</span> <span class='ocrx_word' id='word_1_328' title='bbox 990 3795 1040 3869; x_wconf 88' lang='lat' dir='ltr'>qui</span> <span class='ocrx_word' id='word_1_329' title='bbox 1055 3812 1107 3869; x_wconf 92' lang='lat' dir='ltr'>per</span> <span class='ocrx_word' id='word_1_330' title='bbox 1120 3796 1215 3870; x_wconf 81' lang='lat' dir='ltr'>legem</span> <span class='ocrx_word' id='word_1_331' title='bbox 1231 3799 1261 3853; x_wconf 89' lang='lat' dir='ltr'>et</span> <span class='ocrx_word' id='word_1_332' title='bbox 1274 3797 1430 3870; x_wconf 86' lang='lat' dir='ltr'>prophetas</span> 
     </span>
    </p>
   </div>
   <div class='ocr_carea' id='block_1_5' title="bbox 357 3973 977 4040">
    <p class='ocr_par' dir='ltr' id='par_1_5' title="bbox 357 3973 977 4040">
     <span class='ocr_line' id='line_1_35' title="bbox 357 3973 977 4040; baseline -0.006 -11"><span class='ocrx_word' id='word_1_333' title='bbox 357 3975 492 4029; x_wconf 72' lang='lat' dir='ltr'>unacco.</span> <span class='ocrx_word' id='word_1_334' title='bbox 511 3976 554 4040; x_wconf 88' lang='lat'>10,</span> <span class='ocrx_word' id='word_1_335' title='bbox 573 3975 616 4029; x_wconf 80' lang='lat'>33.</span> <span class='ocrx_word' id='word_1_336' title='bbox 719 3974 792 4028; x_wconf 86' lang='lat' dir='ltr'>30L</span> <span class='ocrx_word' id='word_1_337' title='bbox 813 3973 870 4029; x_wconf 83' lang='lat' dir='ltr'>Cor.</span> <span class='ocrx_word' id='word_1_338' title='bbox 892 3975 932 4037; x_wconf 84' lang='lat'>13,</span> <span class='ocrx_word' id='word_1_339' title='bbox 951 3975 977 4028; x_wconf 87' lang='lat'>3.</span> 
     </span>
    </p>
   </div>
   <div class='ocr_carea' id='block_1_6' title="bbox 288 4171 1397 4330">
    <p class='ocr_par' dir='ltr' id='par_1_6' title="bbox 288 4171 1397 4330">
     <span class='ocr_line' id='line_1_36' title="bbox 357 4171 1397 4244; baseline 0.004 -15"><span class='ocrx_word' id='word_1_340' title='bbox 357 4175 464 4244; x_wconf 76' lang='lat' dir='ltr'>hausi]</span> <span class='ocrx_word' id='word_1_341' title='bbox 483 4174 573 4228; x_wconf 88' lang='lat' dir='ltr'>antei</span> <span class='ocrx_word' id='word_1_342' title='bbox 591 4172 650 4228; x_wconf 81' lang='lat' dir='ltr'>cod.</span> <span class='ocrx_word' id='word_1_343' title='bbox 731 4174 765 4226; x_wconf 83' lang='lat'>14</span> <span class='ocrx_word' id='word_1_344' title='bbox 783 4188 813 4225; x_wconf 88' lang='lat' dir='ltr'>ac</span> <span class='ocrx_word' id='word_1_345' title='bbox 830 4175 924 4241; x_wconf 82' lang='lat' dir='ltr'>poetes</span> <span class='ocrx_word' id='word_1_346' title='bbox 943 4171 1007 4242; x_wconf 79' lang='lat' dir='ltr'>Rip.</span> <span class='ocrx_word' id='word_1_347' title='bbox 1089 4175 1397 4244; x_wconf 61' lang='lat' dir='ltr'>sequanenses?</span> 
     </span>
     <span class='ocr_line' id='line_1_37' title="bbox 288 4257 1397 4330; baseline 0.005 -17"><span class='ocrx_word' id='word_1_348' title='bbox 288 4260 322 4314; x_wconf 88' lang='lat'>18</span> <span class='ocrx_word' id='word_1_349' title='bbox 339 4274 505 4328; x_wconf 88' lang='lat' dir='ltr'>quocumque</span> <span class='ocrx_word' id='word_1_350' title='bbox 523 4259 594 4313; x_wconf 74' lang='lat' dir='ltr'>cont</span> <span class='ocrx_word' id='word_1_351' title='bbox 617 4257 786 4313; x_wconf 79' lang='lat' dir='ltr'>Gcltcodice</span> <span class='ocrx_word' id='word_1_352' title='bbox 869 4258 903 4311; x_wconf 85' lang='grc'>19</span> <span class='ocrx_word' id='word_1_353' title='bbox 921 4257 1035 4327; x_wconf 87' lang='lat' dir='ltr'>quisque</span> <span class='ocrx_word' id='word_1_354' title='bbox 1052 4261 1160 4330; x_wconf 71' lang='lat' dir='ltr'>scripsi,</span> <span class='ocrx_word' id='word_1_355' title='bbox 1178 4262 1240 4330; x_wconf 87' lang='lat' dir='ltr'>quie</span> <span class='ocrx_word' id='word_1_356' title='bbox 1258 4262 1315 4318; x_wconf 81' lang='lat' dir='ltr'>cod.</span> <span class='ocrx_word' id='word_1_357' title='bbox 1336 4269 1362 4318; x_wconf 81' lang='lat' dir='ltr'>et</span> <span class='ocrx_word' id='word_1_358' title='bbox 1380 4279 1397 4318; x_wconf 88' lang='lat' dir='ltr'>c</span> 
     </span>
    </p>
   </div>
   <div class='ocr_carea' id='block_1_7' title="bbox 0 0 1864 4920">
    <p class='ocr_par' dir='ltr' id='par_1_7' title="bbox 0 0 1864 4920">
     <span class='ocr_line' id='line_1_38' title="bbox 0 0 1864 4920; baseline 0 2"><span class='ocrx_word' id='word_1_359' title='bbox 0 0 1864 4920; x_wconf 95' lang='lat' dir='ltr'> </span> 
     </span>
    </p>
   </div>
  </div>
 </body>
</html>
