3720 4920
364 343 530 392 LXXXVIII

365 480 503 560 questus,
523 478 680 544 editorum
696 479 892 562 supellectile
905 480 1017 547 critica
1031 481 1199 564 prudenter
1212 483 1364 564 usurpata
1377 483 1503 549 textum

365 589 532 672 permultis
546 589 624 655 locis
639 609 733 672 quem
749 591 846 656 ceteri
861 591 976 657 rectius
992 592 1168 658 constituit.
1196 593 1338 678 singulos
1353 590 1502 678 Cypriani

220 723 337 769 meone·
365 698 489 766 libellos
514 699 579 789 (De
601 701 774 767 eutholiocc
794 701 940 768 ecelesiae
962 702 1097 781 undam,
1122 701 1173 768 Dc
1187 702 1301 784 lapsis,
1323 701 1373 768 Dc
1388 703 1502 769 babitu

206 792 350 848 ΜΨ·
365 810 532 894 copem
547 812 709 896 Tubmgee
726 813 827 890 reem
843 812 899 877 Ao
914 811 1091 891 nonam»,
1106 812 1157 878 ne
1171 814 1333 879 omen
1347 814 1501 892 marom,

366 919 417 986 De
430 922 634 1001 mortaldctc,
655 921 711 986 Ao
725 919 982 1000 Demetrium»,
1005 921 1056 987 De
1073 941 1162 1004 opere
1175 927 1204 987 et
1218 924 1428 1005 cleemoepnie
1450 923 1502 990 Dc

366 1031 443 1096 bono
457 1030 639 1112 patientiae
652 1035 681 1096 ct
696 1029 746 1096 De
759 1031 825 1096 zelo
838 1036 867 1097 ct
882 1032 984 1098 liuore
998 1033 1162 1119 Tubingae
1178 1034 1277 1119 1859)
1300 1035 1402 1100 edidit
1416 1035 1501 1101 Kra-

367 1141 480 1226 binger
499 1143 684 1225 primusque
700 1141 883 1209 Germaniae
904 1143 1024 1210 codices
1038 1144 1238 1211 Monecemes
1252 1145 1502 1230 Bembergenses

365 1252 641 1338 Wiroebmgenses
667 1254 813 1334 excussit,
840 1254 936 1319 etiam
950 1252 1146 1340 Seguieriani
1170 1255 1246 1319 libri
1266 1256 1299 1320 et
1313 1255 1501 1322 Veronensis

364 1362 491 1428 collatio
506 1364 629 1446 preesto
640 1363 712 1428 fnit.
728 1380 896 1446 eorumque
908 1363 1024 1429 auxilio
1035 1365 1138 1431 multe
1148 1365 1324 1431 rectissime
1334 1367 1502 1432 emendate

364 1473 447 1538 sunt.
472 1474 526 1540 sed
549 1474 582 1539 in
604 1470 696 1540 tenta
718 1474 888 1540 lectionum
909 1495 945 1540 ex
966 1475 1058 1540 libris
1081 1475 1305 1542 recentissimis
1327 1476 1501 1559 petitarum

363 1581 529 1667 famgine,
555 1603 618 1666 quc
642 1585 875 1650 ednotetionem
901 1585 1060 1669 operosius
1085 1588 1276 1664 monuerat,
1303 1605 1376 1652 cum
1401 1584 1501 1651 libros

363 1710 527 1758 numerere
552 1712 648 1776 qnam
673 1693 842 1775 ponderare
868 1694 989 1772 mullet,
1017 1694 1109 1776 plura
1134 1694 1334 1759 inemendata
1357 1694 1500 1777 reliquit

363 1803 487 1869 acutius
513 1823 577 1869 rem
604 1803 747 1869 criticam
768 1804 930 1870 fectiteuit
952 1804 1064 1870 Routb-
1080 1804 1113 1871 in
1136 1804 1337 1871 emendandis
1362 1805 1501 1888 quinque

364 1911 510 1998 Cypriani
532 1915 691 1996 opusculis
707 1912 841 2000 (Saepo.
863 1914 964 1981 eccles.
986 1915 1139 1997 wuemelc
1147 1917 1327 1997 praecipuo
1342 1916 1501 1996 quaedem

364 2021 459 2088 Oron.
484 2024 655 2105 185911).
677 2024 741 2088 229
762 2023 837 2109 erp).
863 2025 999 2090 ultorum
1026 2026 1166 2091 eiusdem
1191 2025 1309 2091 librum
1328 2024 1501 2107 Reliquiae

363 2150 475 2197 oceroe
489 2133 677 2216 inscriptum
691 2133 800 2198 uidere
815 2151 876 2199 non
891 2136 1035 2220 contigit.

214 2269 286 2313 unu
300 2269 347 2313 «n.
407 2243 484 2309 Post
494 2244 551 2310 bos
563 2244 728 2326 praesidiis
743 2244 872 2326 optimis
887 2245 1060 2311 instructus
1069 2246 1229 2328 dequibus
1245 2264 1340 2329 supre
1350 2246 1447 2310 retuli
1459 2246 1499 2310 sd

198 2335 268 2380 ‘²⁰¹¹'
288 2339 354 2382 ΜΟ·
366 2354 576 2419 adornandam
591 2353 761 2419 editionem
775 2372 890 2420 nouem
905 2355 1030 2420 accessi.
1046 2374 1098 2421 ars
1113 2354 1223 2421 critica
1236 2355 1269 2420 in
1283 2354 1334 2420 bis
1349 2355 1497 2437 operibus

366 2463 541 2529 lectitanda
554 2464 725 2529 lectionum
742 2464 893 2531 electione
909 2466 1086 2531 continetur
1099 2465 1293 2558 coniectandi
1304 2465 1420 2529 finibus
1431 2465 1500 2529 tem

365 2576 497 2658 anguste
518 2575 776 2659 circumscriptis,
798 2575 836 2641 ut
855 2575 942 2642 idem
961 2577 1041 2642 mibi
1056 2577 1101 2642 sit
1114 2575 1296 2651 uerendum,
1318 2574 1401 2657 quod
1415 2574 1449 2639 in
1463 2592 1499 2641 re

364 2684 463 2750 simili
482 2686 533 2750 uir
554 2687 754 2752 doctissimus
775 2688 808 2753 et
827 2680 1059 2773 κριτικῶτατος
1080 2706 1179 2769 nuper
1198 2686 1356 2768 professus
1373 2686 1432 2763 est,
1459 2703 1499 2750 ne

365 2793 404 2859 iis
419 2795 494 2859 heec
510 2814 580 2860 mee
593 2796 697 2878 opelle
710 2815 823 2878 perum
837 2798 996 2879 probetur,
1019 2795 1075 2879 qni
1089 2798 1251 2861 auctorum
1268 2793 1500 2877 recognitiones

364 2905 530 2971 aestimare
540 2905 863 2975 solentednumerum
876 2907 1015 2971 locorum
1027 2907 1261 2971 emendatorum
1273 2904 1500 2987 sineersmplo.
1591 2887 1595 2896 ¹

363 3033 554 3097 quemquem
575 3015 716 3080 omnium
732 3032 861 3098 operum
877 3015 1016 3081 condicio
1031 3034 1093 3080 non
1110 3016 1158 3080 est
1173 3015 1281 3081 eedem
1297 3015 1330 3078 et
1345 3013 1500 3097 epistulas

363 3126 541 3203 nonnullae,
563 3125 681 3207 scripte
695 3144 769 3191 nero
785 3126 988 3208 suppositicie
1003 3146 1039 3190 er
1053 3145 1115 3192 uno
1130 3127 1295 3208 archetypo
1310 3142 1372 3189 non
1386 3143 1500 3206 perum

365 3232 533 3316 depreueto
554 3234 774 3300 descendentia
793 3235 941 3318 pleraque
963 3254 1108 3319 campum
1128 3235 1277 3319 praebent
1296 3234 1424 3318 ingenie
1444 3252 1498 3300 er·

364 3344 499 3427 periuris
520 3345 683 3427 aptiorem.
705 3345 740 3410 in
760 3336 874 3428 quibus
894 3346 923 3411 si
937 3347 1079 3412 nonnihil
1098 3365 1169 3411 mea
1187 3364 1262 3412 cure
1281 3345 1316 3410 in
1336 3364 1403 3411 rem
1425 3362 1499 3411 con·

363 3454 476 3520 tulisse
496 3454 666 3539 uidebitur,
691 3472 742 3521 ero
765 3456 938 3522 contentus.
960 3457 1108 3540 'equidem
1132 3456 1228 3523 etiem
1249 3456 1282 3523 in
1302 3456 1353 3521 bis
1377 3457 1502 3522 centius

364 3583 460 3648 quam
480 3566 629 3632 audacius
645 3567 706 3651 egi,
726 3585 860 3649 quorum
875 3567 1056 3633 auctoribus
1070 3568 1195 3651 propter
1209 3567 1366 3652 insignem
1381 3567 1501 3635 medio-

364 3675 509 3742 critatem
528 3677 723 3761 permultum
743 3678 787 3742 sit
807 3679 1052 3744 condonandum.
1073 3679 1129 3744 ubi
1149 3697 1224 3744 uero
1245 3680 1286 3744 ed
1308 3681 1503 3746 coniecturas

365 3787 432 3853 erat
452 3786 705 3874 confugiendum,
726 3788 760 3854 in
775 3789 899 3855 textum
920 3807 972 3854 eas
991 3806 1051 3855 non
1072 3789 1185 3874 recepi,
1206 3789 1268 3855 nisi
1289 3790 1345 3856 ubi
1365 3789 1502 3858 maxime

363 3893 540 3980 probabiles
568 3917 636 3965 esse
664 3899 859 3977 confiderem,
894 3900 1047 3983 plurimas
1077 3900 1111 3965 in
1139 3901 1326 3983 epperetum
1355 3901 1503 3967 criticum

363 4008 513 4092 relegeni.
543 4009 577 4073 in
607 4008 753 4092 Cypriani
783 4009 927 4092 operibus
957 4010 1101 4094 genuinis
1130 4011 1359 4093 scripturarum
1388 4010 1502 4077 electio

363 4118 503 4200 primum
524 4120 573 4186 est
593 4120 789 4187 emendantis
808 4122 971 4206 negotium
992 4122 1086 4205 idque
1101 4140 1120 4186 e
1134 4123 1219 4187 recta
1240 4122 1384 4187 codicum
1405 4122 1503 4188 eest'·

364 4229 500 4296 melione
514 4230 617 4296 totum
632 4230 756 4315 pendet.
773 4230 813 4297 de
826 4251 890 4316 qua
904 4251 978 4299 eum
993 4233 1149 4299 editorum
1163 4232 1271 4299 nullus
1285 4233 1501 4317 quaestionem
