3720 4920
605 344 649 400 Da
666 343 917 414 rebaptismate
939 359 961 398 a
981 343 1091 398 13-15.
1224 392 1231 405 ,
1377 345 1422 413 87

277 505 348 578 auri,
362 520 453 579 aeque
467 505 564 564 ιιιιιιιι
578 518 667 562 unum
687 499 834 576 baptisma
848 499 953 561 salutis
967 503 997 560 ιι
1011 499 1129 561 honoris
1144 499 1254 574 pariter
1268 502 1300 560 et
1313 515 1422 576 aequa·

278 608 347 670 liter
361 608 506 682 oonsequi.
529 608 606 680 quod
619 605 698 666 enim
712 605 821 664 dietum
835 607 882 664 est
904 621 922 663 a
943 603 1080 664 Domino:
1104 604 1219 664 babeo
1240 604 1344 664 aliud
1363 605 1422 664 ba·

278 709 418 785 ptisma
440 707 644 786 baptisari,
667 708 722 767 boo
742 705 773 767 in
787 705 849 766 looo
863 723 922 788 non
942 708 976 764 ut
998 707 1154 766 seeundum
1173 706 1318 781 baptisma
1339 723 1373 766 ao
1396 706 1422 766 si

280 813 341 872 sint
352 813 408 873 duo
419 811 595 885 baptismata
607 808 764 884 signifieat,
780 809 831 869 sad
843 808 963 869 alterium
977 825 1089 883 quoque
1103 809 1211 883 speciei
1226 810 1370 883 baptisma
1384 810 1422 869 ad

257 915 399 976 eundem
424 914 547 974 salutem
573 927 745 973 coneurraus
770 911 907 971 donatum
932 910 1015 970 nobis
1041 926 1105 971 esse
1132 910 1320 972 demonstrat.
1349 928 1422 985 quas

279 1018 415 1091 utrasque
431 1015 541 1089 speeies
556 1014 594 1073 ab
609 1013 672 1088 ipso
687 1012 809 1073 Domino
824 1013 924 1071 nostro
939 1011 1064 1085 primum
1079 1012 1191 1072 initiari
1206 1015 1237 1072 et
1248 1012 1422 1073 sanatifloari

279 1119 439 1192 oportebat,
459 1120 493 1176 ιιι
513 1116 596 1177 nobis
617 1130 731 1190 quoque
752 1115 894 1175 alterutra
909 1112 972 1173 siue
995 1115 1115 1187 utraque
1135 1115 1247 1188 speeies
1260 1132 1349 1174 unum
1363 1131 1422 1174 non

279 1219 385 1294 duplex
411 1217 594 1279 salutiferum
619 1219 708 1292 atque
728 1214 915 1276 honorificum
941 1215 1086 1290 baptisma
1108 1219 1281 1290 praestaret,
1307 1218 1337 1275 et
1357 1215 1421 1277 uiae

279 1322 420 1395 quaedam
433 1320 519 1380 unius
533 1318 720 1393 baptismatis
735 1318 779 1377 sie
793 1317 877 1378 uobis
897 1316 1067 1390 patelierent
1082 1319 1115 1376 ut
1135 1316 1290 1391 aliquando
1305 1318 1421 1392 impune

244 1440 272 1482 no
279 1423 376 1498 aliqua
389 1421 505 1483 illarum
519 1421 642 1492 deesset,
658 1419 735 1480 ιιιιιι
749 1418 780 1478 in
791 1419 912 1479 uerbum
923 1418 1107 1478 audientibus
1117 1418 1293 1493 martyribus
1305 1419 1421 1492 impune

278 1544 370 1602 aquae
393 1525 538 1599 baptisma
563 1523 655 1596 deest,
682 1539 754 1598 qnos
780 1525 877 1583 tamen
901 1520 973 1583 serti
994 1538 1104 1594 sumus,
1130 1520 1249 1595 siquid
1264 1522 1421 1583 laxamenti

279 1628 415 1697 babeant,
437 1626 525 1687 etiam
540 1641 616 1698 aqua
631 1624 734 1685 solitos
755 1622 909 1697 baptizari,
932 1622 1058 1696 itemque
1073 1622 1133 1683 illis
1149 1622 1199 1696 qui
1214 1622 1338 1696 legitimi
1352 1626 1423 1683 sunt

278 1726 379 1789 fideles
393 1727 488 1788 allecti
503 1725 620 1799 impune
634 1726 716 1786 deest
731 1726 877 1800 baptisma
892 1723 1041 1799 sanguinis
1056 1723 1175 1799 proprii,
1199 1723 1268 1799 quia
1282 1722 1423 1799 baptisati

279 1828 311 1888 in
324 1829 438 1890 nomine
453 1827 562 1888 christi
583 1827 725 1902 redempti
747 1831 817 1886 sunt
830 1826 1039 1900 pretiosissimo
1055 1826 1195 1900 sauguine
1210 1825 1334 1898 Domini,
1356 1843 1422 1886 eum

244 1947 271 1988 ιι
280 1932 403 2006 unaque
417 1930 489 1990 baeu
503 1945 538 1988 er
553 1947 609 1991 uno
625 1932 712 2003 atque
728 1928 827 1988 eodem
840 1927 920 1987 fonte
934 1929 1092 2001 procedant
1106 1926 1225 1987 flumina
1236 1927 1421 2002 baptismatis

280 2031 425 2103 dominici,
451 2033 485 2090 ut
512 2031 604 2090 omnis
625 2030 676 2104 qui
702 2028 767 2089 sitit
790 2029 889 2089 ueniat
912 2032 942 2088 st
964 2028 1056 2101 bibat,
1083 2029 1159 2090 siout
1174 2028 1319 2102 scriptura
1332 2027 1420 2088 dieii:

280 2132 439 2193 flumina
466 2134 506 2193 de
538 2135 671 2194 uentre
704 2131 785 2191 eius
819 2132 1020 2192 eurrebant
1048 2146 1162 2205 aquae
1195 2132 1312 2193 uiuae.
1347 2150 1421 2209 quae

278 2235 398 2296 flumina
412 2235 537 2310 primum
552 2235 749 2309 apparuerunt
763 2233 793 2292 in
807 2231 924 2293 Domini
937 2231 1085 2306 passione,
1101 2232 1183 2292 ouius
1199 2235 1234 2294 ds
1248 2234 1338 2295 latere
1354 2250 1421 2310 per·

279 2337 371 2398 forato
397 2338 497 2398 ιιιιιιι
523 2335 645 2396 militari
670 2335 791 2410 sanguis
817 2336 847 2394 st
871 2351 947 2408 aqua
972 2334 1112 2407 manauit,
1139 2338 1172 2393 ut
1197 2336 1342 2397 amitteret
1365 2339 1421 2400 duo

242 2438 397 2500 soiiumina
411 2440 542 2500 diuersae
557 2438 673 2514 speciei,
689 2439 740 2498 sod
755 2441 852 2498 tamen
866 2436 994 2512 eiusdem
1008 2454 1043 2497 ao
1057 2436 1204 2512 singulare
1219 2437 1308 2512 lutus,
1329 2440 1372 2500 ita
1387 2444 1421 2501 ut

277 2540 433 2616 impleatur
457 2541 564 2616 spiritu
588 2544 689 2600 saneto
713 2540 884 2614 quicumque
907 2538 1025 2599 eredens
1046 2540 1154 2599 biberit
1176 2558 1210 2601 ex
1226 2544 1349 2617 utroquo
1364 2543 1419 2603 flu·

277 2643 365 2704 mine.
387 2645 459 2704 baeu
484 2642 561 2703 euim
590 2641 627 2703 de
656 2639 823 2701 fluminibus
854 2640 901 2700 bis
931 2639 1052 2715 loquens
1081 2641 1251 2702 ostendebat
1279 2643 1420 2707 Dominus

277 2745 445 2820 ιἰςιιίιιιιιι
460 2744 594 2818 spiritum
609 2746 741 2803 sanetum
755 2760 840 2817 quem
855 2743 1000 2814 auoepturi
1016 2748 1113 2804 essent
1124 2745 1174 2818 qui
1185 2746 1324 2806 credituri
1336 2752 1420 2808 erant

279 2846 311 2906 in
332 2846 425 2905 illum.
455 2846 611 2906 nondum
639 2846 760 2902 autem
787 2845 869 2902 erat
891 2842 1063 2916 spiritus,
1094 2846 1181 2918 quia
1202 2846 1311 2906 Iesus
1333 2865 1418 2909 non·

241 2949 360 3008 ndum
388 2950 468 3007 arat
495 2944 745 3006 olarifieatus.
779 2945 870 3019 igitur
895 2942 995 3005 dioens
1022 2946 1259 3020 quemadmodum
1286 2950 1420 3023 generari

276 3052 372 3123 potest
396 3048 541 3124 baptisma
561 3048 637 3121 quod
659 3047 809 3121 apostolus
829 3064 917 3106 unum
938 3063 1001 3106 esse
1023 3047 1180 3121 praedicat,
1207 3049 1308 3123 utique
1324 3051 1417 3110 mani-

276 3151 384 3212 festum
399 3153 445 3210 est
454 3149 507 3209 illa
519 3148 639 3220 ratione,
655 3148 724 3223 quia
738 3147 872 3208 diuersae
886 3152 955 3208 sunt
969 3148 1080 3222 speeies
1095 3147 1179 3209 unius
1191 3152 1280 3223 atque
1291 3150 1419 3213 eiusdem

276 3253 460 3328 baptismatis
482 3269 516 3312 ax
540 3267 595 3311 uno
610 3248 730 3310 uulnere
749 3249 920 3324 profluentis
934 3250 966 3308 in
980 3267 1085 3324 aquam
1100 3253 1131 3309 et
1146 3252 1328 3331 sangninem,
1353 3270 1419 3315 eum

275 3355 338 3413 illie
352 3354 408 3414 duo
423 3354 483 3413 sint
496 3354 532 3412 de
554 3352 660 3428 quibus
682 3350 773 3412 leonti
795 3368 895 3411 sumus
910 3352 1086 3425 baptismata
1100 3368 1200 3427 aquae,
1223 3353 1315 3415 idest
1332 3356 1419 3417 unius
1449 3347 1453 3354 ’

238 3459 362 3531 soatqus
377 3456 504 3516 eiusdem
518 3455 640 3530 speeies,
655 3473 722 3516 eum
736 3472 826 3514 unum
841 3471 903 3515 asae
918 3454 1022 3514 debeat
1037 3455 1181 3528 baptisma
1193 3455 1419 3532 uniuscuiusque

276 3559 396 3634 speeies,
412 3557 487 3618 sieut
502 3556 617 3631 plonius
633 3574 733 3617 sumus
747 3555 848 3617 loeuti.

318 3661 358 3721 Et
380 3660 513 3734 quoniam
540 3659 671 3724 uidemur
696 3674 780 3719 omne
802 3658 948 3732 baptisma
962 3658 1093 3732 spiritale
1107 3658 1252 3720 trifariam
1268 3661 1414 3736 diuisisse‚
1426 3669 1471 3729 15

276 3763 425 3824 ueniamus
446 3763 535 3822 etiam
554 3762 592 3821 ad
612 3762 811 3836 probationem
830 3760 1007 3820 narrationis
1021 3761 1196 3835 propositae,
1219 3778 1255 3821 ne
1270 3761 1420 3824 uuideamur

275 3865 389 3941 proprio
415 3882 502 3927 sensu
522 3867 553 3925 et
578 3867 686 3925 amere
712 3865 768 3924 boo
794 3861 908 3923 ieeisse.
930 3862 974 3922 ait
999 3863 1075 3923 enim
1099 3864 1222 3925 loannes
1246 3866 1281 3925 de
1297 3865 1418 3927 Domino

238 3973 375 4029 asnostro
390 3968 421 4026 iu
436 3969 559 4042 epistola
573 3984 626 4027 sua
642 3983 696 4026 nos
711 3967 832 4026 doeens:
857 3965 917 4024 bie
938 3968 995 4026 ast
1016 3967 1079 4040 qui
1095 3967 1202 4027 uenit
1216 3984 1278 4042 per
1291 3985 1419 4042 aquam

345 4099 378 4152 17
397 4098 436 4152 10.
454 4099 480 4163 l,
497 4099 540 4152 dd.
644 4096 737 4151 2410.
756 4096 781 4159 ⁷,
799 4095 842 4151 39.
946 4095 981 4151 85
998 4097 1012 4151 Ι
1031 4097 1069 4150 Io.
1087 4098 1112 4162 b,
1130 4098 1156 4154 6.
1174 4099 1201 4154 8.

343 4244 404 4297 3ιί
421 4259 471 4298 ona
490 4244 552 4313 Rq.
640 4240 793 4310 dinitiari]
813 4239 964 4294 ministrari
982 4240 1043 4312 Rip.
1134 4243 1223 4299 'laon
1240 4244 1348 4315 scripti,
1367 4245 1419 4301 boo

275 4329 334 4387 ood.
353 4335 413 4385 eto
481 4325 712 4392 alamuosan,
