3720 4920
1443 356 1481 406 1x

345 487 458 573 quibus
487 487 580 577 rebus
609 489 771 572 permotus
799 507 897 572 pauca
924 490 1051 556 tantum
1080 507 1178 573 eaque
1203 488 1385 557 dubitanter
1410 488 1484 557 inde

345 616 455 681 recepi.

389 709 474 775 Huic
488 709 689 776 laurinensis
710 710 918 777 bibliothecae
938 710 1113 797 fragmento
1134 710 1305 796 adiungam
1325 711 1386 776 duo
1401 729 1481 792 quas

345 819 408 884 uiri
422 818 597 886 doctissimi
608 819 710 884 Noltii
725 821 913 888 liberalitati
928 821 1040 888 debeo:
1055 841 1153 887 unum
1165 820 1221 909 (Ο)
1234 824 1317 905 quod
1331 823 1365 888 in
1378 821 1642 899 codiceunmsu
1663 854 1666 860 ·

345 930 562 996 aasumensi
587 930 646 997 131
671 931 1303 1019 olimlloriaeonsi(eul1mnelp.273)
1324 932 1379 1017 qur
1400 912 1647 1050 aeswig*

344 1039 408 1105 VII
435 1060 504 1107 esse
530 1041 646 1108 dicitur
672 1042 837 1109 inuentum
862 1044 1020 1128 integrum
1046 1042 1097 1109 De
1119 1043 1312 1109 mortalitate
1336 1043 1482 1108 libellum
1522 1064 1525 1069 ·

346 1152 379 1216 et
392 1151 516 1235 partem
537 1150 695 1235 epistulae
708 1152 751 1219 63
766 1152 915 1218 continet.
934 1153 968 1218 iu
982 1153 1199 1218 constituenda
1218 1152 1351 1217 lectione
1364 1152 1484 1218 nullius

345 1260 408 1327 fere
430 1263 581 1327 momenti
604 1264 672 1328 erat
693 1281 808 1347 magna
829 1280 885 1328 nec
907 1262 999 1328 laude
1021 1281 1077 1328 nec
1098 1263 1327 1345 uituperatione
1340 1263 1480 1347 dignum.

345 1372 482 1438 alterum
509 1391 570 1455 quo
591 1392 665 1458 pars
688 1373 792 1440 libelli
815 1373 871 1439 Ad
893 1372 1060 1438 Donatum
1084 1374 1228 1439 seruatur
1251 1373 1304 1437 ubi
1327 1371 1483 1438 inuenerit

344 1481 439 1548 Nolte
468 1484 581 1563 nescio,
612 1483 667 1550 sed
693 1483 810 1550 litteris
842 1483 1017 1549 uncialibus
1046 1485 1210 1549 armatum
1238 1502 1306 1548 esse
1334 1481 1482 1548 affirmat.

347 1592 516 1673 scripturas
538 1593 606 1658 eius
626 1611 694 1659 sero
715 1597 857 1677 acceptes
878 1613 950 1659 eum
964 1593 998 1659 in
1012 1594 1247 1659 adnotationem
1262 1612 1365 1658 meam
1381 1594 1485 1658 trans·

345 1701 477 1768 mnbers
502 1720 563 1768 non
589 1722 722 1786 possem,
752 1703 892 1786 nequid
919 1723 989 1770 mea
1017 1704 1110 1787 eulpa
1134 1704 1217 1768 esset
1242 1703 1403 1781 omissum,
1433 1701 1485 1768 bia

346 1811 475 1878 subieci.
491 1812 605 1897 incipit
620 1813 833 1897 fragmentum
844 1832 864 1878 a
874 1813 980 1878 uerbis
994 1830 1047 1877 ros
1061 1813 1100 1877 im
1113 1812 1206 1876 rebus
1220 1817 1276 1891 (=
1289 1832 1362 1896 pag.
1378 1812 1485 1891 1438)

343 1921 501 1987 sublimen
625 1942 696 2007 pag.
715 1925 786 2001 15‚1
802 1925 894 1988 iutra
909 1924 946 1989 ut
960 1923 1044 1989 edidi
1172 1924 1193 1989 8
1208 1923 1291 2004 qaod
1306 1922 1484 2004 omspatio

345 2050 443 2100 uacuo
458 2033 480 2100 5
495 2033 561 2099 litt.
575 2032 685 2099 relicto
832 2035 870 2099 11
885 2038 922 2098 ut
936 2050 997 2099 om.
1147 2034 1188 2098 14
1202 2052 1235 2097 se
1248 2033 1353 2113 incipi
1368 2025 1486 2118 abscltm

345 2143 472 2229 oredi‘
548 2143 1185 2226 mamaeaammpaacmmsmet
1299 2145 1489 2210 ilsatara
1588 2133 1591 2140 ’

346 2253 395 2316 uit
524 2255 566 2319 27
582 2260 640 2320 aaut
654 2273 717 2320 om
846 2256 889 2322 28
905 2256 1038 2322 alterum
1062 2259 1138 2319 saat
1157 2274 1219 2320 om.
1243 2254 1327 2338 (fort.
1344 2256 1440 2334 recte)

347 2365 469 2447 p.1s‚1
487 2361 684 2450 mailaiuido
775 2367 797 2430 4
813 2385 891 2429 mam
905 2368 934 2430 ct
946 2364 1164 2447 facilem-boa.
1178 2415 1186 2430 .
1201 2364 1323 2449 litatem
1409 2363 1484 2429 om

347 2457 402 2536 dm
431 2473 527 2539 solid.
541 2473 569 2561 ,ΙΙ
596 2473 692 2557 fidam
724 2478 816 2540 taam
849 2474 938 2540 sata.
953 2524 960 2537 .
974 2473 1050 2559 liris
1081 2473 1215 2538 auditas
1243 2473 1330 2558 obtess.
1366 2473 1487 2557 reliqua

347 2582 470 2649 desunt.

391 2694 478 2760 Inter
492 2694 724 2761 uetustissimos
739 2692 886 2779 (lypuu'ani
901 2693 1020 2760 codices
1036 2694 1180 2759 exstabat
1193 2692 1270 2757 olim
1287 2692 1485 2770 Veronensis,

350 2823 442 2886 quem
456 2807 622 2887 postquam
632 2804 780 2869 Latinius
794 2807 834 2870 ad
851 2805 1061 2870 adornandam
1077 2803 1246 2869 editionem
1256 2803 1484 2881 Manutianam

348 2931 426 2996 quac
440 2913 557 2980 Romae
571 2914 689 2997 prodiit
703 2932 732 2982 a.
747 2905 833 2982 '1563
848 2914 1003 2994 adhibuit,
1025 2914 1151 2997 quantis
1166 2913 1314 2979 laudibus
1329 2914 1484 2979 cumulari

349 3026 475 3107 coeptus
498 3025 541 3092 sit
562 3026 624 3092 dici
639 3027 758 3108 nequit.
782 3026 821 3092 de
836 3026 940 3092 codice
954 3024 1096 3091 Latirnius
1112 3026 1188 3090 baec
1204 3023 1330 3106 scripsit
1344 3025 1378 3089 in
1391 3024 1484 3106 epist.

348 3135 388 3200 ad
402 3136 503 3201 Andr:
516 3136 654 3201 Mucium
676 3137 710 3201 II
731 3157 761 3222 p.
779 3138 856 3203 101:
879 3135 1152 3216 Antiquissimum
1172 3134 1306 3199 codicem
1324 3154 1428 3199 amam
1447 3155 1486 3200 ea

360 3243 530 3314 Veronensi
550 3246 734 3314 bibliotheca
754 3247 921 3313 ademtam
942 3247 1058 3313 titteris
1076 3244 1267 3310 mitescatis
1287 3250 1363 3310 aate
1381 3263 1487 3310 ammos

349 3356 446 3435 mitte,
461 3362 497 3422 ut
506 3363 597 3439 puto,
615 3360 771 3439 smiptam
785 3359 955 3441 ditipemter
969 3378 1041 3423 eam
1056 3358 1102 3423 Io.
1120 3356 1277 3437 Baptista
1292 3355 1487 3438 mapulam

344 3467 511 3545 peream:
536 3487 575 3531 ex
596 3486 630 3531 eo
651 3468 687 3532 id
708 3467 865 3548 imprimis
887 3471 1011 3549 factam
1033 3472 1076 3531 cst
1100 3467 1194 3542 tucri,
1220 3470 1256 3530 ut
1279 3465 1382 3530 matta
1405 3484 1488 3546 quae

350 3573 514 3658 Cypriane
528 3577 719 3643 obeantur
734 3577 830 3642 notha
845 3596 908 3645 esse
922 3577 1185 3661 iateltiperemas:
1201 3576 1286 3641 aaa
1298 3577 1384 3640 emim
1396 3574 1488 3643 moa

210 3742 213 3748 .
350 3685 530 3751 admistam
548 3706 665 3766 eoram,
685 3708 767 3768 qaae
786 3689 855 3752 uiri
875 3689 956 3752 docti
978 3693 1053 3752 acte
1073 3707 1131 3752 mos
1148 3687 1235 3770 falso
1250 3687 1416 3768 Capetum
1429 3687 1488 3752 ad·

349 3797 544 3879 sumptuosae
555 3799 711 3880 ampiecti
721 3804 799 3865 saut
810 3800 919 3865 sterias
930 3819 1028 3881 paam
1038 3803 1237 3864 censuerant.
1256 3797 1342 3863 Ordo
1356 3797 1487 3880 scripto·

349 3926 423 3972 rum
440 3927 546 3989 paeme
568 3909 652 3974 idaea
674 3910 713 3975 im
732 3911 887 3986 manibus,
913 3910 998 3976 ande
1021 3898 1086 3975 aaa
1108 3911 1187 3975 satis
1209 3910 1328 3974 mirari
1347 3927 1487 3990 possam,

349 4036 413 4098 qua
433 4019 539 4101 fronte
557 4024 656 4085 mam
677 4022 844 4088 imuertait
863 4021 1152 4087 audacissimorum
1171 4021 1337 4085 lioaaiaam
1356 4019 1409 4085 uei
1428 4020 1488 4083 im·

345 4130 466 4208 peritia
485 4129 537 4196 sect
559 4131 684 4197 leuitas.
710 4133 810 4210 Nam,
829 4138 866 4197 ut
880 4132 980 4208 uides,
1000 4132 1039 4196 im
1053 4131 1176 4197 maasia
1189 4131 1302 4196 mania
1312 4150 1417 4210 paene
1431 4148 1489 4194 seso

350 4237 414 4303 tooo
433 4244 527 4321 mea,
548 4242 660 4308 ornata
679 4241 821 4322 diuulsa,
846 4261 912 4307 nom
927 4245 1078 4323 tempora,
1099 4260 1165 4307 moa
1180 4242 1315 4326 mystea,
1337 4259 1403 4306 nom
1412 4260 1489 4324 per-
