3720 4920
434 404 453 452 ο
614 336 661 390 De
678 335 781 391 laude
799 335 965 406 martyrii
982 351 1005 389 e.
1022 335 1135 390 21-23.
1400 339 1443 401 45

299 498 330 555 et
343 512 426 556 mens
441 494 538 555 dedita
553 493 681 554 cernitur
695 492 856 553 seruitutis.
880 493 998 570 merito,
1013 491 1141 568 inquam,
1157 490 1259 551 merito
1273 491 1347 551 nihil
1363 487 1449 553 uobis

298 597 375 660 nelle
395 616 454 659 nou
477 599 599 672 licitum,
626 614 747 672 quorum
767 599 862 658 animo
883 598 1037 670 despectus
1058 596 1107 656 hie
1126 596 1249 655 muudus
1271 597 1301 654 et
1321 594 1449 655 alienata

300 701 410 764 saeouli
424 702 514 764 iacies
530 702 610 762 uelut
622 701 743 761 contusa
753 701 938 762 tenebrarum
950 700 1095 760 inhorruit
1106 699 1262 761 caecitate:
1278 699 1325 760 oui
1336 715 1449 772 semper

299 802 348 862 hio
374 805 498 862 mundus
524 801 586 863 loeo
607 803 746 875 oareems,
773 805 851 862 teeta
870 818 922 877 pro
945 801 1081 862 claustris
1101 801 1194 861 inuito
1215 818 1327 875 semper
1347 799 1450 861 habita

281 907 472 965 seommeetu.
508 903 551 964 sio
583 903 690 978 quippe
715 904 914 977 triumphante
940 903 1063 965 uietoria
1087 903 1123 962 de
1148 903 1196 962 his
1222 902 1308 963 malis
1335 901 1449 976 rapitur

302 1021 387 1081 quem
403 1022 459 1065 non
474 1004 636 1079 pompatioo
651 1021 754 1080 gressu
768 1021 845 1064 uana
856 1004 980 1065 subierit
991 1004 1110 1064 ambitio
1122 1006 1174 1063 aut
1184 1003 1331 1079 popularis
1344 1003 1450 1062 extulit

301 1108 487 1182 magnitudo,
513 1108 563 1167 sed
589 1123 674 1181 quem
699 1106 820 1168 eoelesti
845 1105 1005 1181 eupiditate
1031 1106 1202 1182 flagrantem
1235 1123 1288 1166 suo
1313 1105 1449 1166 Christus

302 1209 416 1269 addidit
430 1225 528 1284 reguo.

345 1311 430 1370 Nihil
452 1311 551 1385 itaque
576 1315 636 1372 tum
655 1328 792 1386 magnum
818 1312 912 1386 adque
926 1311 1122 1372 uenerandum
1136 1329 1222 1386 quam
1242 1312 1319 1387 quod
1341 1305 1503 1372 liberat23

267 1415 393 1473 uomorte
409 1415 439 1472 et
454 1412 525 1472 iecit
539 1413 637 1472 uiuere
651 1415 682 1472 et
696 1413 748 1472 det
762 1415 900 1489 perpetuo
917 1429 1047 1487 regnare.
1071 1414 1180 1473 sanetis
1200 1414 1255 1474 hoe
1268 1412 1323 1473 Dei
1337 1417 1449 1487 aptum,

303 1512 418 1574 miseris
432 1514 637 1588 necessarium,
652 1515 786 1576 omuibus
800 1517 927 1588 gratum,
949 1533 1006 1590 quo
1021 1515 1169 1576 laetantur
1184 1516 1261 1590 boni,
1282 1516 1450 1577 releuantur

303 1615 419 1685 abiecti,
442 1619 580 1675 curantur
595 1616 690 1676 electi.
714 1617 821 1676 etenim
836 1618 914 1676 Deus
930 1617 1056 1677 omnium
1080 1618 1176 1678 uultur
1198 1617 1281 1676 uelut
1305 1617 1451 1691 quoddam

304 1716 443 1791 martyrio
464 1717 618 1776 remedium
640 1717 720 1777 uitee
742 1718 831 1790 dedit,
860 1718 972 1792 quando
993 1718 1060 1778 aliis
1075 1718 1150 1779 illud
1164 1735 1215 1793 pro
1233 1718 1335 1780 merito
1351 1735 1450 1779 eorum

304 1817 419 1890 tribuit,
440 1819 507 1878 aliis
529 1837 581 1892 pro
601 1819 798 1880 miseridordiae
817 1838 871 1879 sua
891 1820 1022 1881 tradidit.
1046 1819 1178 1880 uidemus
1198 1820 1304 1894 quippe
1319 1819 1357 1878 ad
1372 1821 1450 1879 huno

270 1919 432 1979 unominis
460 1920 578 1979 titulum
603 1921 659 1980 fide
685 1921 798 1982 nobiles
823 1921 939 1981 uenisse
964 1924 1127 1996 plerosque,
1142 1921 1349 1983 utdeuotionis
1365 1922 1450 1983 obse-

304 2023 404 2096 quium
424 2039 500 2082 mers
520 2023 697 2083 honestaret.
721 2024 773 2083 sed
793 2027 825 2082 et
845 2024 919 2084 alios
934 2024 1102 2099 frequenter
1117 2025 1283 2098 aspeximus
1296 2024 1450 2085 interritos

304 2124 434 2196 stetisse,
457 2127 489 2182 ut
511 2124 630 2184 admissi
654 2125 765 2198 peceati
788 2126 963 2186 redimentes
979 2143 1078 2186 eruore
1093 2143 1145 2186 suo
1160 2127 1214 2186 loti
1229 2126 1404 2186 haberentur
1418 2126 1450 2184 iu

304 2225 445 2299 sanguine
477 2229 506 2283 et
532 2226 739 2286 reuiuiscerent
771 2227 939 2302 interempti
971 2227 1021 2303 qui
1055 2228 1190 2288 uiuentes
1220 2227 1452 2302 conputabantur

376 2510 391 2558 1
410 2509 440 2560 et
456 2522 533 2560 mens
551 2506 663 2561 caelesti
679 2524 697 2562 o
785 2509 914 2563 seruituti
931 2525 960 2575 u;
979 2524 1037 2564 esse
1058 2509 1160 2563 uirtuti
1176 2510 1242 2575 fort.
1329 2510 1451 2562 atterum

305 2591 402 2644 merito
420 2608 470 2645 ona
493 2591 516 2661 Q
631 2591 805 2661 Pdispeetus
824 2592 901 2647 ΜΤ
1011 2593 1065 2663 hie]
1085 2593 1130 2646 his
1147 2594 1177 2648 L
1284 2592 1451 2647 Beaeoitato

307 2675 375 2743 w,
394 2677 538 2732 eaedtaste
556 2675 600 2741 δ’,
618 2676 778 2731 eaecitatem
792 2677 823 2747 Q,
842 2676 960 2732 caecitas
977 2677 1079 2733 LNPo
1149 2677 1203 2748 uui]
1222 2677 1266 2733 eui
1283 2678 1312 2732 te
1324 2676 1388 2746 ΒΡ,
1406 2676 1451 2731 eui

295 2759 383 2819 este
497 2765 516 2817 4
534 2763 631 2832 inuito]
650 2763 740 2817 innita
757 2763 802 2818 Le
918 2763 1025 2832 habite]
1043 2763 1182 2818 habitatio
1200 2762 1228 2817 L
1343 2762 1451 2817 beom-

305 2850 398 2902 meatu
409 2846 512 2911 NPS¹‚
530 2849 708 2901 oummeatum
720 2845 764 2911 δ’,
782 2851 947 2902 eommeetus
959 2846 1055 2917 LQTu
1124 2848 1175 2917 sie]
1193 2846 1239 2902 hie
1256 2846 1284 2901 L
1353 2847 1451 2900 trium·

306 2933 440 3001 phantum
457 2931 543 2987 Sum
561 2948 597 2986 eu
614 2946 656 2985 em
672 2947 708 2985 m.
725 2934 753 2996 2,
770 2930 1005 3001 triumphantibus
1026 2931 1092 3003 QTe
1196 2931 1214 2986 6
1231 2946 1311 3001 quem
1329 2946 1400 2986 sorr.
1417 2931 1452 2984 ia

307 3032 388 3086 quam
406 3016 480 3072 Sue.
497 3020 518 3071 2
533 3017 607 3071 uena
625 3016 644 3070 1.
660 3019 679 3069 7
800 3016 988 3087 propopularis
1006 3017 1042 3082 P,
1061 3032 1143 3086 quam
1159 3015 1298 3087 popularis
1312 3015 1336 3071 S
1351 3030 1396 3070 am
1414 3030 1452 3070 ee>

303 3118 347 3157 em
363 3118 401 3159 m.
419 3105 439 3157 2
540 3101 569 3155 i'i
588 3100 700 3156 caelesti
717 3100 781 3157 add
800 3101 828 3155 P
845 3118 881 3157 m.
898 3105 918 3157 2
934 3101 969 3157 ὄπ
985 3118 1069 3174 usurp.
1190 3101 1369 3171 eupiditetem
1389 3100 1413 3171 Q
1433 3103 1449 3171 t

304 3188 418 3257 flagrum
437 3188 469 3251 T,
487 3187 605 3256 fragium
625 3187 657 3257 Q,
674 3186 787 3256 hagiam
800 3187 839 3243 M
907 3187 1006 3242 christi
1019 3188 1071 3258 Qu
1139 3188 1226 3242 9tam
1240 3188 1300 3242 Pe.
1313 3187 1332 3243 t.
1344 3188 1415 3242 Μ

303 3273 405 3328 liberet
423 3273 460 3337 N,
478 3272 613 3326 liberata
631 3271 691 3337 S'o,
708 3272 824 3327 liberam
843 3271 988 3343 LPQS¹T
1091 3272 1258 3327 todorum
1269 3270 1417 3342 1:1³er

303 3357 377 3411 iacet
394 3356 428 3411 δ’
487 3373 547 3410 eum
566 3357 675 3410 motis.
693 3356 744 3411 hoe
762 3355 899 3411 diuitibus
911 3358 1035 3426 optumo
1092 3356 1143 3412 hee
1160 3356 1253 3422 deoT,
1272 3355 1317 3411 dei
1335 3355 1415 3412 hoeu
1444 3360 1449 3409 's

304 3443 338 3496 11
350 3440 453 3496 omuibi
468 3440 640 3512 Q(omnibne
653 3441 687 3511 Q)
798 3441 869 3511 quod
883 3442 935 3512 QT
1046 3440 1210 3512 retenentur]
1223 3442 1379 3497 eluetantur
1392 3441 1417 3496 S
1429 3445 1450 3476 ¹¹

304 3528 339 3581 12
356 3528 494 3596 ementur]
512 3530 672 3581 eoronentur
693 3526 759 3598 QI'o
898 3527 979 3582 eleeti
997 3542 1048 3584 om.
1067 3527 1106 3581 Μ
1127 3528 1199 3593 (eut.
1220 3527 1254 3598 Q)
1394 3527 1450 3581 oul-

303 3615 393 3668 torum
413 3613 439 3666 T
540 3612 657 3681 quodam
674 3614 711 3677 N,
729 3611 865 3682 quandam
884 3613 916 3678 Τ,
934 3612 1068 3682 quondam
1087 3612 1174 3684 PQS'
1280 3611 1313 3666 13
1331 3611 1361 3666 in
1377 3627 1450 3666 mar·

303 3700 376 3769 tyrio
399 3699 486 3752 Ouum
609 3696 685 3751 dedit
696 3698 708 3768 ΙΙ
721 3700 831 3768 relique
848 3699 949 3753 demut
966 3700 999 3753 ie
1016 3699 1044 3752 P
1163 3698 1268 3767 quando
1285 3713 1338 3752 om.
1358 3697 1383 3752 S

305 3783 570 3839 munumentum
588 3799 665 3837 suam
685 3782 738 3853 QT
839 3783 960 3838 uidimus
978 3783 1071 3854 MQ'e
1175 3782 1260 3838 adhue
1273 3783 1344 3853 ΤΦ,
1362 3781 1450 3838 adhue

304 3868 387 3939 ΜΨ,
406 3868 592 3923 adhueadL
704 3867 739 3922 15
756 3867 837 3922 tidem
857 3869 883 3923 T
991 3869 1025 3924 16
1042 3868 1089 3923 sed
1107 3867 1380 3924 eteusetSm.2
1415 3906 1450 3936 ,Η

304 3953 469 4023 inspeximus
487 3954 549 4009 ΕΝ
670 3953 799 4008 interitus
820 3954 870 4025 QT
1002 3954 1035 4007 17
1055 3954 1174 4008 admissa
1191 3956 1301 4024 peecata
1319 3954 1379 4009 N‘o

304 4054 352 4094 suo
370 4040 538 4109 loti],ueluti
558 4039 590 4110 Q,
608 4040 701 4093 uoluto
713 4040 758 4104 Μ,
776 4040 914 4095 uoluntati
928 4040 954 4094 T
1055 4040 1221 4095 haberentur
1238 4043 1271 4095 ies
1292 4041 1453 4095 lunarentur

303 4139 374 4180 corr.
395 4125 469 4195 Qua
488 4127 509 4178 2
637 4125 671 4178 18
688 4125 889 4180 reuiuescerent
907 4123 988 4196 LQT
1114 4125 1162 4195 qui
1179 4142 1230 4181 oen.
1248 4124 1382 4198 Luper

303 4210 513 4280 oonpotarentur
531 4225 567 4264 eu
584 4209 800 4279 computabantur
820 4210 844 4265 S
859 4227 893 4264 m.
911 4213 932 4264 2
