3720 4920
398 327 457 396 124
865 327 1051 399 Appendtx.

391 486 455 547 lnce
469 487 567 560 pelam
578 503 610 547 se
625 489 720 562 ipsum
734 487 847 548 uenuse
862 487 1035 548 monstrauit
1045 491 1075 546 et
1087 488 1329 562 praedicationem
1339 501 1393 567 per
1402 484 1527 561 propbe-

391 591 438 648 tee
453 589 498 649 sui
512 589 676 650 ostensione
691 589 897 664 quodammodo
911 589 1042 650 omnibus
1057 606 1125 649 suae
1136 589 1314 664 praesentiae
1330 585 1526 664 conprobauit

390 692 444 753 boo
470 691 557 751 etiam
582 690 695 763 Esaias,
722 708 773 766 per
799 708 885 766 quem
898 691 1036 751 Dominus
1061 691 1123 766 ipse
1144 691 1338 766 praesentiam
1351 707 1435 751 suam
1449 688 1528 750 clara

390 793 620 855 adnuntiationis
646 794 880 854 manifestatione
905 794 1086 866 monstrauit,
1112 795 1268 869 prophetat
1291 795 1322 853 et
1336 793 1424 854 dicit:
1448 793 1527 868 ipse

389 895 450 971 qui
471 895 650 971 loquebar
671 895 772 968 ueni,
805 896 836 954 id
864 900 924 969 est,
951 896 1002 970 qui
1030 913 1081 970 per
1110 897 1267 971 prophetes
1292 899 1359 957 ante
1387 895 1549 956 aduentnse

388 999 445 1058 mei
472 998 563 1057 laturi
588 997 777 1073 praeloquens
808 999 937 1072 luerem,
964 998 990 1058 is
1018 999 1133 1074 propria
1161 1014 1236 1057 nunc
1265 1001 1352 1072 atque
1380 997 1528 1073 praeclara

388 1116 457 1160 noco
481 1101 675 1174 praesentiam
701 1117 793 1160 meam
821 1100 906 1161 testis
932 1100 988 1159 mei
1009 1100 1071 1175 ipse
1085 1100 1247 1161 manifesto.
1271 1100 1341 1175 qnid
1355 1100 1526 1172 euidentius,

388 1202 457 1276 qnid
472 1202 536 1263 luce
550 1202 738 1278 praeclarius,
765 1202 834 1277 quid
850 1204 947 1263 uerius
961 1204 1057 1277 potest
1071 1203 1150 1263 dicit
1166 1207 1200 1262 nt
1214 1203 1304 1263 oculis
1320 1201 1525 1277 quodammodo

388 1308 558 1379 perspectus
573 1308 651 1365 esset
673 1305 800 1376 uenisse,
827 1304 889 1379 ipse
904 1304 954 1378 qni
969 1305 1064 1364 luerat
1078 1306 1228 1377 uenturus,
1243 1306 1399 1379 antequam
1413 1303 1526 1364 ueniret

388 1406 525 1478 ostendit,
548 1408 578 1465 et
591 1403 793 1466 incredulitate
818 1409 931 1466 mentes
945 1405 1043 1480 populi
1057 1405 1160 1480 pertldi
1174 1407 1342 1467 obstruente
1364 1405 1525 1467 uenientem
1534 1419 1561 1461 ro

389 1525 472 1568 nemo
494 1508 641 1583 cognonit.
664 1507 741 1568 siout
761 1507 836 1568 idem
857 1508 959 1568 Esaias
973 1509 1004 1568 in
1025 1509 1119 1583 prima
1133 1508 1328 1584 increpatione
1343 1507 1443 1584 populi
1457 1525 1525 1582 pro·

389 1610 495 1670 clamat
516 1610 632 1671 dicens:
656 1609 832 1685 cognonit
854 1612 918 1670 bos
939 1626 1193 1684 possessorem
1215 1628 1316 1671 suum
1337 1612 1374 1670 et
1394 1610 1525 1669 asinus

388 1728 565 1787 praesepe
580 1712 717 1772 domini
734 1712 801 1784 sni,
816 1712 938 1774 Israel
960 1715 1078 1773 autem
1100 1729 1151 1773 me
1172 1711 1339 1774 nesciuit
1360 1713 1398 1774 et
1418 1710 1524 1785 plebs

387 1830 438 1873 me
460 1831 528 1874 non
550 1812 761 1873 intellexit.
783 1814 879 1887 palam
903 1814 1014 1874 cunctis
1037 1814 1113 1875 siout
1136 1814 1199 1888 ipse
1220 1798 1363 1887 praedixit
1389 1813 1524 1888 apparuit

386 1916 418 1974 et
431 1915 598 1976 sedentibus
613 1915 644 1974 in
658 1914 787 1975 tenebris
802 1914 987 1975 manifestum
1001 1915 1078 1976 uitae
1092 1915 1188 1977 lumen
1203 1915 1323 1987 effulsit,
1339 1918 1369 1975 et
1380 1913 1524 1973 mestitia
1533 1931 1559 1972 ns

386 2017 558 2092 perfidorum
573 2020 677 2090 pectus
691 2018 838 2077 obsessum
853 2018 1014 2090 postposita
1034 2017 1150 2091 propria
1164 2034 1198 2077 ae
1213 2018 1320 2076 reiecta
1334 2017 1428 2076 salute
1442 2019 1524 2075 tene·

388 2119 456 2178 bras
471 2118 569 2192 potius
583 2118 721 2177 caecitate
737 2119 832 2178 cordis
846 2118 945 2192 elegit.

453 2350 535 2405 el?
744 2350 928 2415 nenena.

455 2589 576 2643 11reem
598 2589 634 2643 Τί
806 2588 1003 2657 praedieatione
1025 2605 1072 2659 per
1093 2607 1117 2654 o,
1140 2606 1188 2659 per
1211 2590 1437 2658 praedicationem
1456 2591 1520 2644 Boi.

384 2689 452 2728 cer
635 2672 827 2741 prophetarum
846 2673 910 2728 Bel.
1093 2675 1181 2745 leui]
1200 2690 1262 2730 snos
1280 2675 1335 2745 Zp,
1352 2691 1402 2730 oea
1421 2675 1485 2730 Bal.

383 2759 545 2828 ostensione]
564 2759 684 2813 ostendit
701 2759 736 2824 Ζ,
753 2774 804 2813 orn.
823 2759 890 2814 Bet.
1019 2775 1094 2814 suam
1113 2761 1294 2828 praesentiam
1311 2777 1337 2823 o,
1354 2761 1520 2828 praesentiae

382 2845 562 2899 ostensionem
580 2845 645 2899 Bai.
781 2844 903 2897 bessiae
917 2885 923 2897 .
937 2885 944 2900 .
958 2846 996 2899 ,ζ
1015 2848 1033 2899 4
1049 2847 1213 2900 monstrauit
1229 2861 1279 2900 ossa
1299 2846 1327 2899 Ζ
1462 2846 1520 2914 ipse

382 2945 433 2984 oon
451 2929 493 2984 Ze
608 2930 626 2982 4
643 2928 818 2998 prophetarit
835 2930 863 2983 et
881 2928 950 2984 dixit
966 2930 993 2983 Z
1104 2946 1155 3001 ogo
1174 2931 1267 3000 ipseo
1386 2929 1520 2985 temnen-

381 3017 442 3068 tnm
465 3029 555 3067 meum
573 3013 698 3066 futurum
715 3013 757 3067 Zo
906 3015 924 3068 6
941 3015 1109 3083 praelocutus
1126 3016 1152 3069 Ζ
1300 3015 1325 3068 is
1343 3031 1369 3084 p.
1387 3030 1414 3069 n.
1437 3018 1519 3083 atque

381 3101 450 3168 (atq.
473 3114 544 3153 nuno
567 3100 590 3168 t)
612 3114 638 3167 p.
656 3114 683 3152 u.
701 3114 727 3167 p.
745 3114 781 3152 nn.
805 3098 885 3153 testis
907 3100 962 3154 mei
985 3101 1121 3168 (teetemei
1146 3101 1178 3168 T,
1201 3101 1282 3156 testis
1304 3116 1379 3156 mens
1397 3120 1426 3170 p,
1450 3102 1520 3155 toste

380 3200 424 3239 me
447 3185 484 3253 Ζ)
507 3183 565 3252 ipse
587 3183 657 3252 (ipso
680 3183 718 3252 Ζ)
741 3184 885 3238 memteeto
908 3185 1090 3253 (manifestem
1116 3187 1162 3254 ab)
1189 3187 1278 3256 Tth,
1295 3187 1353 3254 ipse
1370 3202 1441 3242 nnnc
1458 3185 1520 3241 neni

380 3270 414 3322 nt
436 3267 561 3323 omnibus
583 3269 763 3336 praesentiam
786 3284 873 3322 meam
897 3271 954 3337 ipse
977 3285 1028 3340 ego
1049 3271 1130 3325 testis
1152 3271 1205 3325 mei
1229 3271 1400 3326 minuerem
1419 3272 1484 3325 Boi.

379 3355 398 3409 8
415 3353 467 3408 hac
483 3354 543 3407 lnce
563 3353 627 3406 Boi.
790 3353 849 3408 lnce
871 3355 1034 3421 praeclarius
1052 3371 1102 3410 ona
1121 3375 1142 3425 μ
1304 3355 1402 3424 quidne
1419 3371 1446 3413 n.
1464 3356 1518 3410 dici

379 3442 471 3510 potest
489 3439 515 3493 Ζ
686 3438 728 3509 nt]
747 3441 779 3492 nt
796 3455 858 3509 ergo
877 3440 940 3495 Bet.
1113 3441 1219 3496 coculos
1237 3441 1263 3495 Ζ
1424 3443 1441 3497 9
1459 3457 1518 3510 per-

379 3524 495 3595 spectus]
514 3527 669 3593 persecutos
682 3524 709 3578 Ζ
811 3541 839 3579 se
856 3526 961 3580 neumae
981 3526 1054 3590 Bab,
1072 3527 1192 3582 uenmset
1208 3528 1238 3582 et
1258 3528 1286 3582 Ζ
1301 3525 1425 3596 (011120,
1438 3530 1483 3596 13)

263 3629 265 3634 ¹
379 3610 434 3664 iam
453 3611 584 3664 uenturus
603 3610 668 3665 Bai.
827 3610 861 3665 10
878 3610 1099 3666 incredulitatem
1116 3613 1144 3666 Z
1301 3613 1401 3668 mentis
1422 3612 1483 3669 TZt

377 3694 490 3765 perildia
508 3695 536 3748 Z
622 3695 806 3750 obstruentem
824 3696 856 3760 Z,
876 3696 1036 3751 obseruante
1053 3699 1118 3766 etp
1136 3701 1165 3752 ot
1176 3713 1198 3752 s.
1210 3698 1228 3753 t.
1246 3713 1283 3753 sa.
1302 3700 1321 3752 2
1417 3700 1449 3753 11
1467 3715 1514 3770 po-

377 3779 438 3851 puli
456 3796 507 3835 orn
526 3781 552 3835 Ζ
656 3781 690 3834 12
708 3781 811 3836 clamat
827 3782 855 3836 Ζ
945 3799 1023 3836 snum
1040 3799 1130 3851 coma
1231 3784 1264 3837 13
1281 3785 1481 3853 praesepimno

378 3865 421 3919 sui
438 3882 490 3921 orn.
509 3887 529 3929 μ
651 3882 694 3920 me
711 3869 802 3922 antem
820 3868 848 3921 Ζ
972 3868 1069 3922 nesciit
1088 3889 1116 3936 μ,
1134 3869 1263 3939 cognonit
1281 3871 1309 3924 Ζ
1427 3869 1515 3940 plebs]

377 3951 495 4020 populus
511 3951 539 4005 Z
626 3953 661 4005 14
678 3953 731 4022 me]
750 3968 809 4006 mea
828 3959 839 4007 t
932 3953 1020 4022 palam
1035 3994 1043 4009 .
1056 3993 1062 4006 .
1076 3955 1231 4023 praedixit
1248 3972 1299 4010 oea.
1318 3957 1344 4010 Z
1441 3956 1516 4010 sicut

378 4036 483 4091 eunetis
502 4055 522 4106 μ
641 4037 675 4091 lb
692 4037 866 4092 manifestam
884 4039 970 4093 uitam
988 4042 1016 4094 et
1033 4039 1061 4093 Z
1173 4041 1269 4096 eiulsit
1287 4042 1315 4096 Ζ
1427 4043 1456 4095 in
1474 4043 1516 4097 iu·

378 4120 459 4176 stitia
475 4121 532 4186 ΖΡ,
550 4121 660 4176 iustitia
680 4124 766 4191 Τι’μυ
910 4127 944 4180 16
962 4126 1075 4181 reiectas
1093 4143 1110 4181 a
1128 4126 1187 4183 lnce
1205 4127 1239 4191 Ζ,
1257 4131 1331 4183 recta
1347 4129 1436 4184 salute
1459 4129 1484 4183 T

378 4206 587 4260 remeantem
606 4208 639 4273 Z,
658 4209 869 4279 caecitatemque
886 4210 951 4266 Bnt.
970 4227 1038 4266 car
