3720 4920
581 373 628 428 De
644 372 900 444 rebaptismate
916 390 939 429 o
959 374 1070 430 let-12.
1351 381 1394 446 83

255 526 431 602 patrocinari
446 527 474 588 ei
488 528 526 587 sd
541 528 663 590 salutern
684 529 875 603 existimabis,
896 529 966 592 licet
986 548 1043 592 nou
1061 532 1103 592 sit
1117 549 1191 607 aqua
1204 534 1393 608 baptizatus?

255 630 332 705 qnod
357 630 470 705 perisse
494 645 559 691 eum
574 631 763 709 existimabis,
790 631 905 692 obuiam
927 633 984 693 tibi
1003 635 1100 695 ueniet
1122 637 1266 695 sententia
1280 635 1394 697 Domini
1459 695 1461 698 Α

254 731 393 793 dicentis:
423 732 639 808 quicumque
666 751 718 794 me
739 735 933 795 confessus
961 736 1080 797 tuerit
1101 753 1218 796 coram
1242 737 1395 797 bomini-

255 834 341 907 bus,
369 834 582 896 coniitebor
613 835 720 896 ilium
742 838 778 897 et
799 853 865 911 ego
895 855 1013 899 corum
1040 841 1147 914 petre
1180 857 1252 900 meo
1275 840 1336 914 qui
1359 839 1395 898 iu

233 936 374 999 soaelis
398 941 468 998 est:
491 939 559 1013 quia
572 938 648 998 nihil
662 939 785 1000 interest
799 942 898 1001 utrum
913 938 962 1002 hio
977 943 1097 1002 uerbum
1111 940 1233 1002 audiens
1248 959 1285 1001 an
1300 941 1394 1002 tidelis

254 1041 295 1100 sit
309 1039 359 1115 qui
374 1039 527 1101 confltetur
540 1041 703 1114 Dominum,
719 1043 871 1102 dummodo
886 1044 982 1117 ipsum
994 1042 1141 1103 Christum
1157 1060 1241 1118 quem
1265 1042 1395 1103 confiteri

255 1144 369 1218 oportet
395 1142 576 1216 confiteatur,
602 1143 670 1217 quia
690 1143 829 1204 Dominus
861 1144 926 1219 pari
946 1145 1010 1206 uice
1030 1145 1190 1206 confitendo
1205 1146 1315 1220 etipse
1330 1162 1394 1206 eon-

254 1243 394 1304 tessorem
415 1260 499 1303 suum
519 1245 596 1318 opud
615 1247 729 1318 patrem
750 1245 858 1306 bonore
879 1262 944 1306 eum
965 1246 1096 1322 martyrii
1117 1248 1173 1319 sui,
1198 1250 1231 1307 ui
1245 1246 1394 1320 pollicitus

255 1348 310 1418 est,
326 1347 453 1406 exornet.
469 1347 545 1420 quod
564 1345 665 1422 utique
683 1363 741 1407 non
758 1347 844 1408 debet
853 1346 942 1407 latius
956 1347 1059 1422 accipi,
1076 1347 1159 1422 quasi
1179 1348 1273 1422 possit
1287 1363 1394 1422 usquo-
1514 1403 1516 1406 .

220 1466 246 1506 ιο
255 1463 368 1522 quaque
389 1448 510 1523 porrigi,
536 1448 603 1522 quia
623 1450 721 1522 potest
740 1447 850 1510 christi
870 1467 974 1511 nomen
996 1449 1084 1510 etiam
1098 1449 1262 1510 haereticus
1277 1449 1394 1525 aliquis,

255 1549 306 1625 qui
327 1552 424 1611 tamen
443 1550 541 1626 ipsum
561 1549 709 1612 Christum
728 1553 826 1626 negat,
848 1551 989 1625 confiteri,
1012 1553 1081 1627 quia
1095 1555 1127 1612 in
1142 1550 1233 1613 ulium
1249 1551 1396 1612 Christum

254 1651 357 1724 credit,
383 1671 449 1713 ourn
475 1652 608 1712 Christus
634 1654 803 1714 confiteatur
828 1654 904 1727 quod
931 1653 962 1714 ei
983 1655 1121 1732 prodesse
1147 1655 1265 1715 minime
1291 1654 1395 1726 possit,

254 1754 281 1813 si
296 1754 412 1828 quidem
426 1754 566 1815 Dominus
582 1772 640 1815 non
656 1755 721 1814 aiei
733 1770 765 1815 se
785 1757 882 1830 ipsum
895 1756 927 1814 iu
942 1756 1149 1817 confessionem
1164 1775 1182 1817 ο
1203 1756 1286 1818 uobis
1300 1773 1396 1818 eoram

256 1852 423 1916 bominibus
448 1857 551 1917 deduci
577 1859 708 1931 oportere
733 1855 816 1929 dixit,
842 1857 918 1930 quod
939 1857 1003 1918 siue
1023 1857 1086 1933 ipso
1101 1861 1131 1918 et
1145 1859 1209 1919 sine
1232 1859 1396 1919 uenerando

220 1957 370 2018 nonomine
386 1957 448 2017 eius
462 1974 519 2019 non
536 1960 631 2032 potest
645 1956 716 2018 fieri.
732 1959 762 2017 et
776 1958 841 2018 ideo
857 1957 1004 2032 integrum
1018 1976 1052 2019 ao
1066 1958 1209 2020 sincerum
1223 1964 1253 2020 et
1267 1959 1397 2021 inconta-

260 2058 402 2119 minatum
423 2063 453 2119 et
474 2059 646 2119 inuiolatum
666 2062 819 2133 utrumque
842 2060 930 2120 debet
949 2060 1107 2120 consistere
1132 2060 1290 2134 eonfitmti,
1316 2059 1398 2122 nullo

257 2160 372 2223 delectu
386 2161 486 2221 habito
508 2161 599 2237 ipsius
620 2162 802 2234 confessoris,
823 2162 886 2221 siue
908 2160 958 2221 ille
979 2162 1074 2222 iustus
1096 2163 1158 2223 siue
1171 2165 1313 2236 pensator,
1329 2178 1397 2237 per·

257 2261 406 2339 iactusque
436 2263 612 2323 christianus
637 2281 674 2323 su
701 2280 770 2324 uero
795 2262 884 2324 etiarn
904 2280 981 2324 nunc
995 2263 1191 2339 imperfectus,
1218 2264 1269 2339 qui
1287 2281 1398 2325 summo

261 2365 428 2426 discmmine
443 2383 495 2426 suo
509 2366 662 2426 Dominum
677 2366 807 2426 confiteri
822 2382 879 2425 non
892 2365 1002 2426 timuit.
1025 2384 1078 2427 neo
1093 2370 1139 2426 est
1152 2369 1207 2427 boo
1221 2367 1398 2427 contrarium

224 2485 250 2526 οο
259 2468 402 2542 superiori
416 2468 570 2527 baobtui:
594 2468 662 2541 quia
675 2465 738 2527 illie
753 2467 869 2542 quidem
883 2470 998 2541 tempus
1011 2471 1161 2542 supererat
1175 2469 1213 2526 ad
1228 2468 1399 2541 corrigenda

258 2587 332 2645 quae
354 2568 460 2630 mutila
479 2569 527 2628 uel
546 2586 637 2643 praua
656 2571 734 2642 sunt,
758 2572 788 2628 et
803 2568 937 2644 quoniam
953 2570 1093 2643 quaedam
1108 2585 1243 2629 concessa
1257 2571 1326 2628 sunt
1340 2567 1399 2642 ipsi

258 2672 454 2732 tantummodo
480 2671 589 2731 nomini
614 2670 729 2730 Domini
753 2671 864 2743 noemi,
890 2670 1059 2746 martyrium
1084 2674 1182 2732 autem
1207 2687 1265 2730 uon
1286 2670 1345 2730 nisi
1366 2668 1399 2727 in

258 2772 320 2848 ipso
346 2776 376 2834 et
401 2772 567 2848 peripsum
592 2772 744 2834 Dominum
768 2773 863 2846 possit
888 2773 1088 2844 consummari,
1116 2777 1145 2832 et
1170 2772 1277 2834 ideirco
1302 2786 1397 2845 neque

259 2873 406 2935 Obristum
421 2875 484 2934 sine
498 2875 590 2948 ipsius
605 2875 720 2934 nomine
734 2875 799 2950 quis
814 2875 909 2949 possit
923 2873 1054 2934 confiteri
1068 2891 1161 2948 neque
1172 2890 1276 2935 nomen
1287 2872 1397 2933 christi

223 2992 249 3034 se
258 2976 321 3036 sine
335 2977 399 3050 ipso
415 2976 530 3036 (ibristo
544 2977 582 3037 ad
596 2976 803 3037 confessionem
818 2977 951 3051 cuiquam
966 2976 1058 3049 possit
1072 2976 1257 3050 patrocinari.

301 3078 483 3152 Quapropter
502 3081 580 3138 totus
600 3078 806 3139 discernendus
826 3081 873 3138 est
893 3081 1036 3139 bactatus
1056 3077 1114 3150 bio,
1141 3080 1174 3137 ut
1194 3077 1288 3152 possit
1302 3077 1448 3145 mani-12

257 3179 360 3241 festior
379 3179 453 3240 fieri.
476 3197 598 3255 namque
619 3181 762 3242 inuocatio
782 3181 906 3241 nominis
926 3182 994 3241 Iesu
1014 3180 1078 3241 ideo
1094 3182 1207 3240 tantum
1221 3179 1397 3255 patrocinari

256 3285 364 3358 potest,
380 3284 408 3342 ei
422 3283 479 3343 rite
494 3282 627 3359 suppleta
639 3286 740 3358 posteo
754 3282 854 3357 fuerit,
869 3283 938 3358 quia
952 3286 983 3343 et
996 3283 1155 3358 prophetae
1170 3284 1201 3341 et
1215 3281 1340 3356 apostoli
1354 3281 1399 3342 ita

257 3386 507 3459 praedicaueruut.
531 3387 573 3446 ait
593 3386 669 3446 enim
689 3387 812 3447 Iacobus
838 3385 870 3444 in
890 3384 965 3445 sotis
991 3384 1200 3457 apostolorum:
1222 3384 1298 3443 uiri
1323 3383 1397 3442 tra·

221 3488 354 3560 autres,
391 3486 535 3547 audite:
568 3487 688 3548 Simon
725 3486 896 3562 exposuit
916 3486 1209 3560 quemadmodum
1245 3485 1398 3559 primum

258 3589 355 3649 Deus
375 3589 599 3649 uisitanerit
621 3589 789 3664 accipere
810 3588 1044 3662 exgentibus
1064 3587 1241 3661 populum
1262 3583 1398 3646 nomini

259 3708 341 3764 suo,
371 3694 407 3751 et
437 3691 523 3751 hnic
550 3692 753 3751 consonant
781 3705 966 3751 sermones
992 3690 1269 3763 prophetarum,
1297 3685 1399 3746 siout

256 3792 438 3868 scriptum
485 3797 556 3855 eet:
601 3795 685 3868 post
730 3791 817 3853 baeo
864 3794 1031 3853 reuertar
1073 3794 1110 3851 et
1145 3788 1398 3850 reaedificabo

327 3940 464 3997 3btattb.
484 3942 527 4006 10,
544 3941 586 3997 32.
691 3939 726 3995 29
742 3940 804 3995 noc
823 3940 864 4004 15,
884 3938 997 4043 1331'1.

297 4087 299 4092 ’
326 4088 444 4160 2οοοο1]
463 4087 569 4158 qnando
585 4087 652 4152 fort.
782 4087 800 4142 6
819 4084 957 4140 dominum
974 4086 1080 4154 scripsi,
1100 4084 1208 4140 domino
1225 4083 1284 4140 eod.
1303 4089 1364 4138 etc

258 4179 293 4234 le
309 4178 365 4232 nisi
382 4175 482 4231 addidi
574 4175 608 4227 19
626 4172 734 4227 domino
746 4171 807 4241 Rq.
902 4170 936 4224 21
955 4186 1023 4239 quae
1039 4170 1140 4225 mutila
1162 4171 1231 4225 eost
1249 4168 1401 4234 Boionius,

256 4278 340 4335 qnam
363 4261 452 4317 muita
469 4260 539 4316 coci.
557 4258 631 4329 Rip,
654 4272 723 4328 qnae
739 4257 829 4312 muita
845 4255 904 4312 eod.
923 4261 983 4312 eto
1110 4255 1145 4310 32
1162 4254 1236 4325 huic]
1256 4254 1280 4308 si
1298 4253 1379 4323 Rip..

1136 4345 1189 4409 6ο
