3720 4920
540 345 586 400 De
603 344 857 416 singularitate
876 345 1083 402 clericorum
1107 362 1128 401 c
1147 345 1242 402 9-11.
1395 350 1457 419 185

323 504 494 577 reuerentia,
510 505 579 578 quud
593 504 655 564 illio
669 505 796 578 geritur,
812 505 863 564 ubi
877 505 1023 564 libertatis
1038 506 1127 565 sumit
1141 505 1245 567 mulier
1260 507 1290 564 in
1305 507 1456 566 coutuber-

326 605 448 667 nalitate
462 607 676 667 constantiam?
692 607 807 681 quando
821 607 852 666 iu
868 609 1034 669 domesticis
1049 608 1175 682 negotiis
1196 626 1271 668 nnuc
1285 609 1408 670 lacertos
1423 626 1457 670 ac

325 709 435 767 femora
448 707 571 766 lanificis
586 709 719 782 operibus
734 710 840 781 nudat,
863 727 939 769 nuno
954 714 1090 769 aestuans
1106 710 1216 784 detegit
1230 711 1367 782 membra,
1382 728 1458 769 nunc

324 811 448 885 fatigata
463 810 588 871 iactetur
601 812 652 869 aut
666 811 697 869 in
712 811 773 870 risu
786 811 941 884 aliquamlo
955 812 1133 885 dissoluitur,
1150 829 1227 872 nuuc
1241 812 1397 872 blanditias
1411 829 1457 872 ex·

303 912 405 971 shibet
431 915 461 970 ot
486 913 563 986 quod
590 915 635 971 est
662 913 834 973 uenenosius
857 931 945 988 super
970 917 1072 975 cuncta
1092 915 1218 989 psallere
1234 915 1393 975 delectatur
1407 917 1459 974 aut

324 1017 448 1073 canore?
478 1013 559 1073 cuius
581 1016 667 1074 cantu
694 1015 875 1076 tolerabilius
901 1019 947 1076 est
971 1017 1071 1077 audire
1091 1016 1266 1086 basiliscum
1282 1017 1457 1076 sibilantem.

322 1119 523 1190 contraquam
538 1116 669 1177 Salomon
684 1117 727 1178 sio
740 1136 793 1178 nos
808 1121 908 1179 cauas
922 1118 1012 1180 efficit
1027 1118 1142 1179 dicens:
1166 1135 1242 1178 cum
1257 1117 1459 1179 saltatrice

321 1218 398 1280 noli
422 1216 720 1294 assiduus'esse,
758 1239 824 1281 neo
846 1223 977 1282 audias
999 1221 1118 1295 illam,
1151 1222 1314 1281 neforto
1337 1221 1456 1294 dispe·

322 1339 403 1381 reas
424 1321 460 1379 iu
482 1320 661 1381 efficacia
683 1322 771 1383 eius.
794 1327 875 1383 taceo
898 1324 1009 1398 reliqua
1030 1340 1103 1397 queo
1124 1323 1218 1398 magis
1239 1323 1371 1398 pudenda
1391 1327 1459 1382 suut

291 1441 317 1481 ro
330 1440 413 1496 quam
429 1424 563 1494 dicenda,
591 1421 683 1483 solum
698 1425 753 1483 boc
767 1425 845 1485 dico:
872 1426 903 1483 in
920 1426 1016 1485 dolore
1031 1426 1080 1486 uel
1096 1426 1187 1486 inira
1201 1427 1348 1486 mulierem
1363 1425 1459 1500 frangi

322 1525 485 1598 conspicere
501 1525 557 1583 iam
572 1542 630 1584 nou
644 1527 691 1583 est
706 1526 768 1584 sine
783 1526 954 1586 mulcedine.
982 1528 1051 1601 quid
1066 1528 1190 1587 dicimus
1206 1527 1232 1586 si
1246 1528 1345 1587 uideas
1359 1527 1457 1587 iocun-

321 1626 435 1684 dantem
450 1628 501 1685 ant
517 1628 592 1698 quod
607 1629 653 1686 est
667 1627 793 1685 deterius
808 1628 1023 1688 blandientem?
1047 1630 1136 1689 semel
1151 1628 1288 1687 dixerim:
1304 1629 1396 1688 omnis
1411 1628 1457 1687 iu·

323 1727 496 1786 conueniens
512 1728 651 1787 sodalitas
667 1729 819 1787 mulierum
833 1730 936 1802 gluten
961 1732 1007 1789 est
1021 1730 1192 1790 delictorum
1213 1733 1244 1789 et
1257 1731 1368 1790 uiscum
1382 1730 1458 1789 toxi-

321 1831 415 1889 catum
428 1846 483 1903 quo
500 1830 631 1890 diabolus
646 1834 814 1904 aucupatur.
830 1830 988 1906 incongrua
999 1835 1045 1892 est
1056 1833 1178 1893 societas
1190 1830 1369 1904 feminarum,
1384 1849 1457 1905 qua·

287 1952 312 1991 re
322 1947 386 1989 rum
401 1931 582 1990 sodalitatem
598 1931 641 1989 its
654 1948 706 1991 uos
717 1949 831 1991 rursum
843 1932 976 1992 Salomon
988 1933 1070 1992 docet
1084 1933 1116 1991 in
1126 1933 1259 1993 omnibus
1271 1949 1457 2007 praecauere:

320 2048 401 2092 cum
423 2033 564 2106 aliena,
599 2034 709 2107 iuquit,
744 2035 901 2094 muliere
935 2053 977 2096 ne
1007 2036 1139 2095 sedeas
1167 2035 1310 2094 omniuo
1332 2037 1368 2094 et
1389 2051 1457 2094 uon

321 2132 523 2194 alterceris
545 2152 621 2194 curu
644 2136 899 2207 illaiamne,
922 2152 964 2195 ue
986 2127 1268 2196 fortedeclinet
1283 2140 1458 2196 cortuum

319 2235 356 2294 in
378 2236 481 2295 illam
504 2239 539 2295 et
562 2237 743 2311 sanguine
765 2240 826 2297 tuo
848 2238 994 2297 labaris
1016 2239 1053 2297 in
1075 2238 1331 2312 perditionem.

363 2337 511 2398 Postremo
525 2340 553 2398 si
567 2339 692 2399 animum
708 2342 839 2400 nostrum
850 2341 1018 2401 confidimus
1034 2340 1064 2399 iu
1079 2342 1135 2399 beo
1146 2340 1349 2400 communitate
1360 2357 1456 2413 perse·
1470 2344 1507 2401 11

285 2457 422 2502 wnemre
445 2458 574 2514 semper,
604 2443 651 2501 uel
666 2441 738 2500 illud
753 2442 829 2515 apud
849 2459 902 2502 nos
923 2443 1010 2501 debet
1030 2457 1094 2502 esse
1110 2445 1291 2516 suspectum,
1320 2458 1357 2501 ne
1378 2443 1458 2515 ipsae

322 2560 395 2618 quae
419 2544 569 2603 nobiseum
596 2544 770 2603 conueniunt
795 2544 825 2602 iu
852 2543 998 2617 nosipsos
1024 2544 1146 2603 forsitan
1167 2546 1335 2604 moneamur
1350 2545 1400 2602 aut
1428 2546 1459 2602 iu

322 2646 428 2704 alteros
443 2661 555 2705 amores
570 2647 753 2720 praerapida
767 2650 863 2706 aetate
874 2646 1070 2705 incitamentis
1086 2645 1241 2705 furialibus
1256 2646 1458 2705 stimulentur:

321 2751 351 2808 et
366 2748 423 2807 erit
437 2747 520 2807 nobis
536 2765 631 2819 causa,
648 2748 722 2822 quod
736 2749 818 2821 peius
832 2751 887 2820 ost,
903 2749 965 2807 sine
980 2766 1068 2808 causa
1082 2750 1115 2807 ut
1129 2748 1279 2808 fornicatio
1294 2765 1348 2809 nos
1362 2766 1458 2808 macu-

323 2847 365 2907 let
379 2848 490 2920 aliena,
513 2850 589 2924 apud
604 2865 675 2922 quos
691 2851 856 2923 suggeritur
871 2851 973 2909 ceteris
989 2850 1100 2910 occasio
1115 2850 1281 2923 lupanaris,
1296 2853 1326 2910 et
1340 2851 1458 2910 crimine

290 2971 315 3012 a
328 2949 416 3008 alieni
432 2954 529 3010 reatus
544 2951 774 3023 absorbebimur,
792 2952 837 3011 cui
852 2970 904 3012 nos
919 2953 976 3026 ipsi
992 2952 1182 3012 subornamus
1202 2953 1401 3012 immunditiae
1415 2953 1458 3013 le-

324 3052 477 3112 nocinium.
497 3057 614 3127 propter
629 3054 704 3126 quod
718 3053 865 3127 apostolus
880 3055 989 3114 Paulus
1008 3057 1043 3114 de
1058 3055 1202 3114 similibus
1217 3055 1260 3113 ita
1273 3072 1325 3113 nos
1340 3055 1459 3114 iustruit

323 3155 436 3213 dicens:
454 3153 485 3211 si
500 3156 657 3228 propter
678 3171 797 3214 oscam
818 3154 942 3215 frater
964 3155 1364 3226 tuusscandaliuatur,
1388 3157 1459 3216 iarn

323 3272 390 3314 nou
413 3254 448 3313 in
471 3256 630 3315 caritate
653 3256 826 3315 ambules.
855 3257 935 3316 noli
957 3274 1041 3317 esca
1069 3260 1134 3316 tua
1156 3257 1262 3318 illum
1285 3260 1458 3333 perdere,

390 3521 475 3576 asir.
495 3523 520 3585 9,
537 3523 563 3576 4.
669 3522 701 3576 16
720 3522 771 3578 Sir.
790 3523 813 3586 9,
834 3522 858 3576 9.
964 3522 997 3576 Ji
1016 3523 1214 3587 Rom.14,1s.

391 3794 408 3847 4
426 3795 483 3847 risu
504 3794 534 3857 0,
552 3793 637 3847 risum
656 3795 800 3857 Erasmus,
818 3811 905 3851 usuc
998 3796 1013 3848 7
1033 3796 1173 3850 saltatrice
1195 3796 1225 3861 0,
1243 3797 1426 3851 cantatrices

323 3881 355 3932 11
374 3879 524 3948 conspicere
547 3879 644 3947 Ospio
659 3880 692 3932 ἐπ
709 3896 766 3934 ras.
855 3881 888 3934 13
906 3880 1100 3934 solidalitasG
1182 3880 1383 3950 lequ01quod
1405 3880 1428 3937 0

323 3966 366 4018 ost
387 3965 448 4020 Ge.
467 3965 485 4020 l.
503 3968 576 4018 aad
685 3966 800 4019 societas
822 3965 852 4029 0,
871 3965 1036 4020 sodalitaso
1147 3965 1253 4021 Idmon
1274 3965 1303 4029 O,
1322 3965 1460 4033 nco;cs.

324 4066 385 4118 cop.
405 4055 437 4103 11
564 4051 597 4103 19
615 4065 784 4117 perseuerare
803 4050 833 4114 O,
850 4051 981 4106 durareo
1108 4051 1145 4104 20
1161 4067 1211 4104 nos
1229 4067 1283 4106 nou
1302 4051 1389 4106 Used
1407 4067 1459 4106 nou

324 4153 387 4204 exp.
520 4137 578 4204 ipse
600 4136 623 4191 0
752 4136 788 4189 22
805 4135 899 4204 rapida
921 4136 1066 4206 Cinyras.
1084 4138 1157 4190 aad
1287 4137 1322 4191 23
1340 4135 1412 4205 quod
1431 4137 1460 4202 0,

325 4227 373 4276 aut
390 4222 462 4291 qaod
480 4240 497 4276 o
658 4222 693 4276 *24
710 4223 738 4276 et
756 4238 790 4276 aa
807 4237 856 4276 nec
873 4221 896 4277 0
912 4239 948 4278 m.
967 4224 988 4276 2
1148 4222 1183 4277 25
1200 4221 1371 4278 absorbimus
1392 4223 1426 4280 0¹
