3720 4920
556 372 603 427 De
620 369 799 426 montibus
816 369 900 426 Sina
916 373 951 425 et
968 368 1048 425 Sion
1072 386 1094 425 e.
1112 369 1191 426 2-3.
1385 375 1443 440 107

302 535 406 590 utero
432 532 493 589 tuo
519 535 612 595 sunt.
640 530 708 601 qnia
731 533 762 588 ot
784 529 821 587 do
842 529 978 602 gentibus
1003 531 1076 588 duas
1099 533 1198 602 partes
1224 528 1338 586 futuras
1365 529 1441 588 desi·

303 632 420 705 gnabat,
432 635 544 704 partem
556 629 737 691 idololatram
749 630 893 704 perditam
906 633 936 689 et
948 634 1058 705 partam
1069 631 1217 690 oredulam
1228 628 1374 689 uiuentem
1391 646 1443 702 psr

303 732 397 804 tidem,
424 732 500 792 hana
524 748 611 790 unam
638 733 751 805 partem
777 731 907 806 gentium
930 732 1063 806 designat
1078 733 1108 791 in
1123 736 1205 791 utero
1221 732 1359 792 eeclesiae
1374 747 1440 806 per·

303 850 418 893 mauors
445 834 658 908 generationem
683 834 714 892 in
740 834 890 892 aetornum
916 833 947 892 in
973 833 1066 908 figura
1090 834 1247 904 Rebeccae,
1274 838 1304 893 et
1328 837 1440 907 partem

281 934 401 1011 spopuli
415 935 575 995 infidelium
590 935 759 996 Iudaeorum
774 953 792 994 a
806 939 907 995 uento
922 939 992 995 tuna
1006 935 1150 996 Rebeccae
1165 935 1256 995 diuidi
1271 938 1302 994 ot
1312 934 1441 1011 separari

303 1037 491 1097 anatiuitats
505 1036 652 1096 eeclesiae.
668 1037 740 1096 haee
754 1037 811 1096 fuit
826 1037 1028 1111 praoflguratio
1056 1036 1241 1100 iniioneseos
1262 1054 1313 1111 por
1338 1038 1442 1111 angelo

303 1137 475 1212 spiritaliter
500 1138 680 1198 adnuntiata.
718 1139 791 1199 base
820 1153 887 1198 uero
917 1137 1033 1199 nomina
1058 1153 1155 1198 eorum
1182 1139 1322 1197 montium
1354 1138 1443 1198 talem

302 1240 411 1300 babent
425 1240 693 1314 interpretationem
708 1239 739 1298 in
753 1239 856 1314 lingua
869 1240 983 1312 huna,
999 1241 1198 1300 demonstrans
1213 1236 1376 1312 namtatsm,
1393 1239 1443 1314 qni

302 1341 362 1401 sint
388 1341 420 1400 hi
446 1341 501 1402 duo
526 1345 640 1402 montes
665 1341 735 1400 Sina
757 1341 805 1400 uel
825 1358 902 1402 nune
915 1340 997 1409 Sion:
1024 1341 1099 1414 quod
1114 1340 1229 1415 quidem
1243 1343 1311 1414 post
1325 1341 1443 1414 paulum

265 1463 293 1504 to
302 1441 408 1504 dietari
424 1459 532 1502 sumus.
548 1443 591 1502 ita
604 1442 681 1502 onim
691 1442 767 1502 bane
781 1442 914 1503 ueritatis
925 1442 1193 1516 interpretationem
1205 1443 1392 1516 probabimus
1407 1444 1443 1503 de

302 1543 443 1619 prinoipio
468 1543 585 1619 generis
610 1544 729 1603 humaui
754 1545 928 1604 uenientem.
951 1545 994 1604 ita
1016 1544 1093 1603 onim
1113 1544 1192 1603 Deus
1207 1544 1388 1618 omnipotens
1403 1547 1441 1604 ab

301 1645 384 1706 initio
400 1646 499 1705 mnndi
514 1648 543 1706 st
558 1645 692 1720 dsinoaps
706 1647 782 1706 omni
797 1645 907 1706 homini
920 1650 1042 1707 nasoent
1055 1677 1071 1710 a
1082 1675 1098 1708 a
1113 1646 1148 1705 do
1163 1649 1279 1721 tempus
1293 1650 1323 1707 ot
1333 1646 1442 1707 fastum

300 1747 416 1807 nomina
436 1763 455 1806 a
474 1747 644 1821 pmoutibus
664 1748 726 1806 suis
748 1748 943 1821 aooipiebant:
966 1764 1023 1806 non
1045 1748 1161 1821 quidem
1177 1765 1212 1806 ex
1226 1765 1266 1819 ae,
1282 1749 1333 1808 aad
1348 1766 1367 1808 a
1380 1749 1441 1808 Doo

302 1852 398 1907 monta
423 1848 648 1922 inponebantur,
675 1850 724 1923 qui
750 1851 904 1923 antequam
930 1848 1001 1909 flant
1024 1848 1172 1922 praesaius
1198 1851 1243 1908 ost
1268 1849 1440 1920 futurorum,

263 1948 399 2023 aequales
414 1953 480 2023 post
496 1953 673 2010 aramentum
688 1950 794 2009 aetatis
818 1967 886 2010 suae
901 1950 992 2009 futuri
1007 1953 1115 2020 essent,
1138 1949 1299 2022 posteriore
1314 1954 1441 2025 tempore

298 2051 397 2123 uagati
411 2051 442 2108 in
458 2051 623 2111 nominibus
638 2051 787 2111 Hebraicis
803 2051 947 2125 designati
961 2052 1115 2122 habentur,
1137 2051 1207 2125 quid
1221 2050 1346 2125 είιιςιι11ε
1360 2051 1440 2110 futu·

297 2169 361 2212 rum
383 2155 470 2225 esset,
498 2152 699 2227 interpretatio
721 2152 867 2212 nominum
889 2152 1061 2227 designabat
1076 2152 1247 2212 ueritatem:
1270 2153 1356 2213 siouti
1371 2157 1441 2212 tuna

296 2255 434 2327 temporis
449 2253 480 2312 in
500 2253 678 2323 Patriarobis
701 2255 866 2327 conpletum
880 2257 934 2326 est,
962 2255 1120 2314 meandum
1135 2254 1220 2328 primi
1235 2254 1359 2314 bominis
1374 2271 1439 2314 oar·

296 2371 362 2416 nem
377 2372 395 2414 a
409 2359 503 2415 terrae
518 2355 587 2435 limo
602 2371 676 2418 esso.
700 2372 734 2416 ox
748 2354 811 2429 ipso
826 2357 1002 2430 protoplasto
1017 2356 1177 2429 probamus
1186 2355 1353 2415 'nentatem

261 2481 289 2524 ιο
339 2458 368 2516 N
370 2474 451 2517 oman
467 2459 578 2530 aoaepit
592 2457 690 2518 aDso.
706 2457 880 2517 Hebroionm
891 2459 984 2516 Adam
999 2459 1030 2516 iu
1044 2458 1146 2517 Latino
1162 2459 1335 2531 interpretat
1348 2445 1468 2517 ‘terret

297 2574 362 2618 earo
377 2545 477 2629 faota'‚
492 2576 525 2618 eo
542 2559 617 2632 quot
629 2574 664 2618 ax
679 2561 815 2632 quattuor
825 2558 991 2618 cardinibus
1006 2558 1085 2617 orbis
1099 2562 1242 2618 terrarum
1257 2575 1353 2632 pugno
1368 2575 1436 2619 oon-
1533 2608 1536 2614 .

366 2856 463 2910 lduaa
475 2855 570 2910 induo
582 2856 714 2911 cmm
766 2855 928 2924 designabat
939 2855 1045 2910 futuras
1059 2855 1085 2909 Τ
1135 2855 1307 2910 tidolatrom
1316 2830 1401 2926 &Pp

296 2941 325 2992 et
342 2941 446 3006 partem
465 2955 515 2995 osa.
535 2939 561 2993 T
686 2938 852 2993 incredulam
872 2940 899 2994 T
1023 2940 1160 2995 undantem
1178 2940 1242 2994 MT
1371 2942 1389 2994 4
1406 2942 1435 2994 in

295 3023 498 3092 generationem
516 3027 653 3079 aeternam
670 3041 688 3080 o
798 3023 815 3077 5
832 3023 936 3079 infideli
954 3024 1023 3089 MT,
1041 3023 1159 3078 infidelis
1177 3044 1196 3093 μ
1307 3029 1436 3081 auentre

295 3123 346 3162 om.
365 3108 401 3161 M
505 3111 571 3163 tuno
588 3125 639 3163 om.
659 3129 688 3177 μ,
705 3107 753 3166 ,T
767 3111 791 3176 (t
808 3112 889 3175 aros.)
993 3108 1249 3163 tustinitatami'
1356 3124 1436 3177 geue·

294 3207 352 3247 aeos
371 3192 423 3259 Tp,
441 3194 531 3262 genesi
550 3195 602 3249 Mo
695 3193 807 3261 angelos
824 3193 901 3261 M'p,
921 3193 1046 3262 angelum
1065 3209 1081 3248 o
1170 3194 1297 3248 'ioorum
1314 3210 1401 3249 ooao

293 3275 361 3330 8ut
379 3276 582 3333 demonstrato
681 3277 828 3356 'nmtatsm
848 3280 885 3334 M
900 3294 922 3333 a.
941 3277 960 3335 1.
977 3282 1050 3333 Μ
1142 3278 1219 3332 onii
1237 3280 1275 3334 M
1364 3296 1435 3336 nune

293 3376 345 3417 eos.
362 3379 381 3418 o
465 3363 606 3431 paululum
623 3380 640 3418 o
727 3362 762 3416 10
778 3362 951 3431 probabimus
968 3382 996 3431 p,
1015 3363 1185 3433 priuabimns
1205 3363 1231 3417 Τ
1312 3366 1345 3418 11
1363 3365 1435 3418 enim

292 3445 358 3500 dous
374 3429 451 3515 offis
469 3451 570 3514 (ornnes
589 3448 636 3515 M)
654 3446 743 3515 Mi’p,
760 3462 847 3502 ooao
947 3449 980 3502 12
998 3449 1026 3501 et
1043 3449 1133 3516 inceps
1154 3450 1180 3501 Τ
1277 3464 1369 3502 omnes
1386 3449 1435 3504 ho-

293 3529 380 3584 mines
397 3535 536 3586 nubentes
552 3549 583 3594 o;
603 3531 732 3586 coemam
748 3531 879 3588 indicasti
964 3533 998 3587 de
1015 3535 1134 3601 tempore
1146 3549 1193 3601 po·
1271 3531 1344 3587 iacto
1362 3550 1400 3601 po

294 3614 328 3667 14
345 3614 545 3682 impolobantur
563 3615 609 3678 T¹‚
632 3615 824 3685 inpulebantur
843 3618 925 3682 ΜΡ,
949 3616 1179 3686 compellebantur
1197 3637 1215 3687 μ
1329 3617 1332 3621 ’
1355 3618 1433 3689 fiant]

292 3697 361 3752 flant
379 3714 447 3767 quaa
465 3699 529 3754 dum
548 3701 611 3755 MT
783 3703 817 3755 lb
833 3706 866 3756 ut
882 3703 1011 3771 qualeae
1183 3703 1329 3772 posteriori
1346 3704 1399 3759 Mo

293 3781 328 3836 16
345 3783 434 3852 uagati
455 3784 559 3852 M¹Yp,
578 3787 675 3854 uegeta
693 3786 749 3854 Μ’,
767 3786 858 3840 uerbis
875 3780 940 3841 eto'
1048 3785 1078 3840 in
1095 3801 1146 3840 ona
1166 3804 1183 3841 o
1296 3788 1434 3857 designati

291 3866 426 3920 habentur
443 3888 471 3936 μ,
490 3869 698 3938 designarentur
714 3870 794 3926 MTo
892 3874 920 3925 et
938 3871 1045 3939 quido,
1063 3871 1159 3938 quiin
1177 3872 1204 3925 T
1312 3873 1345 3928 11
1363 3872 1432 3928 deai-

291 3952 360 4021 gnat
376 3952 418 4016 M,
437 3952 624 4022 designareto
711 3955 884 4025 siautituno]
903 3955 1052 4010 sitantum
1073 3956 1129 4024 Tp¹
1217 3958 1251 4011 ls
1268 3972 1346 4012 earne
1363 3959 1402 4013 M

211 4028 232 4105 2.
292 4036 326 4091 19
335 4037 367 4121 a]
387 4052 418 4092 ae
436 4038 477 4103 M,
496 4038 529 4093 de
546 4056 563 4094 o
654 4042 726 4094 tarra
743 4055 758 4094 a
775 4041 843 4095 limo
861 4040 897 4095 M
985 4040 1172 4109 protoplausto
1189 4042 1228 4097 M
1312 4043 1348 4097 20
1364 4046 1434 4100 acai-

290 4122 334 4192 pit
354 4125 379 4174 '1'
479 4124 541 4192 deo]
559 4124 608 4179 deo
626 4125 705 4179 adam
722 4142 740 4181 o
843 4126 1038 4194 iuterpretatur
1053 4127 1127 4194 Mpo
1231 4130 1331 4182 terram
1349 4131 1398 4186 Μ’

218 4219 255 4302 ιι
286 4205 326 4260 ta
342 4223 403 4262 earo
420 4209 543 4264 corato
560 4210 589 4263 in
606 4224 712 4265 earnem
729 4209 766 4265 M
866 4212 955 4264 terrae
972 4226 1008 4266 ex
1025 4212 1126 4264 terram
1144 4210 1182 4264 M
