3720 4920
616 367 662 421 Da
678 366 814 435 duplici
832 367 1000 436 martyrio
1019 384 1040 421 c.
1060 369 1136 423 1-2.
1380 372 1442 436 221

306 526 344 585 ad
365 525 607 585 exstimulandum
630 526 755 585 officium
778 543 890 597 meum,
918 531 949 586 ιιι
971 528 1054 588 unico
1082 527 1181 589 libello
1203 529 1447 590 commilitonibus

306 626 414 687 nostris
428 627 578 686 materiam
595 628 855 700 subministrarem,
870 631 945 689 unde
959 629 1016 689 sibi
1030 631 1126 705 gratia
1147 632 1268 705 spiritus
1284 633 1446 705 opitulante

307 729 485 788 munimenta
500 728 615 803 telaque
631 729 844 790 fabricarentur
858 732 996 790 aduersus
1011 732 1242 806 persecutionum
1256 733 1401 805 incursus,
1417 739 1447 793 et

308 830 380 890 mibi
401 831 477 903 quod
498 831 617 903 petebas
638 832 753 890 conanti
769 849 826 891 nou
842 832 998 905 dedignata
1014 837 1060 893 est
1074 835 1183 905 adesse,
1200 838 1229 893 et
1243 836 1319 909 quod
1334 835 1446 896 utrius-

287 931 363 1006 aque
388 934 519 991 nostrum
547 948 662 1006 operam
684 950 740 992 non
766 950 853 1006 passa
868 937 989 994 estesse
1006 935 1143 1006 sterilem,
1168 937 1223 995 boc
1238 939 1284 996 set
1299 939 1376 1011 quod
1390 937 1447 996 mei

308 1034 463 1094 Fortunati
488 1035 568 1108 pium
591 1036 766 1095 desiderium
787 1035 859 1094 bone
875 1036 1043 1108 fortuuauit,
1071 1040 1101 1097 et
1115 1038 1242 1097 ministri
1258 1038 1304 1097 sui
1319 1038 1447 1098 officium

308 1138 402 1198 uoluit
426 1153 488 1196 esse
511 1137 609 1212 gregis
636 1139 681 1197 sui
701 1137 880 1198 beneficium.
912 1138 1016 1198 scribis
1037 1140 1113 1199 euim
1135 1157 1169 1199 ex
1185 1157 1217 1199 ao
1232 1140 1307 1200 libro
1324 1119 1457 1200 multum¹
1535 1210 1536 1213 Ἴ

307 1240 419 1300 roboris
430 1243 460 1300 et
472 1238 634 1299 alacritatis
646 1241 802 1300 accessisse
813 1241 949 1312 strenuis,
965 1241 1158 1302 timidioribus
1169 1246 1266 1303 ιιιιιιιιιι
1281 1246 1311 1304 et
1326 1243 1448 1303 infirmis

308 1344 422 1401 tantum
449 1342 609 1401 animorum
630 1358 695 1401 esse
715 1342 855 1413 additum,
882 1344 916 1400 ut
936 1360 970 1401 ex
991 1343 1039 1402 bis
1061 1361 1172 1418 quoque
1186 1361 1237 1416 per
1252 1345 1306 1404 Dei
1322 1345 1448 1418 gratiam

274 1447 416 1505 racemum
431 1445 581 1504 uictoriam
596 1444 680 1505 nobis
695 1444 864 1518 promittere
886 1446 1048 1505 debeamus.
1080 1463 1168 1521 eoque
1182 1446 1320 1507 libentius
1336 1448 1446 1507 obtem·

308 1546 408 1619 peraui
423 1545 632 1619 posterioribus
648 1546 707 1604 tuis
721 1545 840 1616 litteris,
857 1546 962 1619 quibus
978 1550 1042 1607 orat
1057 1552 1108 1606 tua
1123 1548 1239 1621 cautas,
1262 1553 1296 1608 ut
1311 1549 1447 1622 quoniam

309 1649 364 1707 boc
389 1647 524 1721 auspiciis
551 1646 666 1705 Domini
692 1647 783 1706 nostri
808 1648 873 1706 lesu
890 1647 1000 1706 Christi
1015 1648 1087 1708 bene
1103 1651 1250 1723 successit,
1276 1651 1380 1710 addam
1394 1668 1447 1710 uo·

309 1750 405 1808 lumen
431 1749 554 1807 alterum
575 1749 611 1806 de
632 1749 741 1822 duplici
761 1749 894 1823 martyrii
910 1765 1031 1822 genere:
1055 1768 1176 1825 quorum
1192 1770 1279 1811 unum
1295 1753 1449 1813 exhibetur

310 1868 375 1910 cum
396 1851 489 1910 saeuit
511 1853 652 1909 tortorum
675 1850 851 1921 immanitas,
879 1851 1003 1910 alterum
1024 1852 1164 1911 occultius
1186 1855 1301 1927 quidem
1315 1856 1370 1927 est,
1398 1855 1450 1914 sed

277 1952 498 2013 nanihilominus
524 1951 628 2010 fortem
654 1951 782 2011 animum
806 1953 936 2024 postulat
962 1953 1109 2026 multaque
1135 1954 1276 2014 diuinitus
1302 1959 1450 2015 armatura

311 2054 527 2114 communitum.
551 2054 663 2112 utinam
685 2055 715 2113 et
735 2055 790 2113 boc
804 2073 908 2113 munus
924 2054 1033 2114 Obristi
1050 2055 1169 2128 spiritus
1183 2073 1234 2128 par
1249 2073 1295 2116 me
1309 2056 1450 2116 iratribus

311 2156 341 2214 et
355 2154 599 2216 commilitonibus
613 2155 721 2214 uostris
737 2155 840 2227 largiri
867 2157 1002 2228 dignetur
1025 2160 1055 2214 et
1078 2158 1152 2230 quuod
1168 2157 1279 2216 dederit
1294 2159 1366 2217 bene
1381 2175 1449 2231 pro·

312 2273 436 2331 sperare.
466 2257 702 2331 quemadmodum
728 2257 804 2315 enim
830 2256 906 2314 nibil
932 2261 1063 2317 sanatum
1088 2259 1147 2316 nisi
1168 2258 1219 2316 illo
1241 2259 1449 2328 sanctificante,

311 2358 385 2418 nihil
401 2362 503 2432 potens
519 2358 576 2418 uisi
592 2357 642 2418 illo
658 2359 880 2419 corroborante:
903 2359 946 2418 ita
967 2360 1041 2418 nibil
1068 2360 1147 2430 felix,
1169 2360 1242 2418 nibil
1268 2361 1451 2434 auspicatum

277 2462 370 2523 mulsi
395 2461 447 2520 illo
473 2465 670 2533 prosperante.
702 2478 770 2520 saue
793 2467 823 2520 et
845 2463 952 2520 uestris
973 2463 1107 2535 precibus
1130 2467 1159 2520 et
1181 2463 1296 2522 Domini
1318 2464 1449 2523 bonitate

311 2562 405 2623 iratus
420 2562 582 2636 aggrediar.

354 2666 475 2739 Martyr,
491 2667 524 2722 ut
539 2664 576 2722 iis
591 2681 704 2737 quoque
719 2668 817 2723 notum
831 2667 878 2722 ost
893 2666 943 2737 qui
956 2664 1061 2724 Graece
1076 2665 1217 2738 nesciunt,
1234 2669 1338 2726 testem
1353 2670 1448 2727 sonat.
1463 2673 1481 2729 2

312 2783 483 2839 quamquam
507 2768 602 2824 autem
624 2768 690 2838 post
712 2768 839 2824 exortum
855 2765 1039 2839 euangelicae
1054 2769 1188 2826 ueritatis
1203 2769 1295 2827 lucem
1311 2769 1451 2828 ecclesia-

312 2867 387 2927 stica
412 2868 585 2926 consuetudo
606 2865 784 2941 cognominis
811 2867 895 2926 buius
910 2868 1046 2927 bonoram
1062 2869 1176 2942 proprie
1192 2870 1334 2929 tribueret
1347 2871 1385 2929 iis
1401 2870 1451 2943 qui

277 2971 342 3030 rain
369 2970 520 3029 tormentis
543 2985 632 3041 usque
655 2971 691 3027 ad
714 2971 835 3027 mortem
856 2971 1050 3042 perdurarunt
1072 2970 1102 3027 in
1124 2970 1302 3045 professione
1324 2971 1451 3032 nominis

312 3072 378 3130 Iesu
395 3071 504 3129 Christi
520 3073 549 3128 et
564 3069 764 3143 euangelicum
780 3069 1003 3128 instrumentum
1024 3071 1163 3144 sanguine
1189 3091 1240 3132 suo
1267 3074 1348 3132 uelut
1373 3073 1452 3132 obsi-

312 3175 437 3247 gnarunt
449 3173 524 3245 apud
536 3171 715 3230 incredulos:
731 3173 824 3231 omnis
836 3174 932 3230 tamen
943 3173 1056 3244 piorum
1067 3173 1129 3232 uita
1144 3174 1339 3233 testimonium
1355 3175 1452 3234 reddit

311 3275 382 3346 Deo,
404 3292 461 3333 uon
485 3274 560 3347 quod
584 3272 632 3333 ille
656 3273 826 3347 cuiusquam
853 3277 936 3346 egeat
961 3273 1135 3344 testimonio,
1159 3275 1208 3347 qui
1231 3293 1265 3334 ex
1281 3292 1311 3336 sa
1326 3276 1392 3335 lons
1407 3278 1453 3336 est

313 3380 446 3436 aeternae
469 3375 589 3449 gloriae,
616 3378 649 3433 ut
669 3391 722 3433 nec
746 3375 816 3433 ullis
837 3374 986 3434 hominum
1001 3373 1158 3433 honoribus
1175 3374 1237 3433 lieri
1251 3376 1344 3449 possit
1360 3378 1452 3436 hono·

277 3478 403 3543 aoratior
419 3495 471 3538 uec
486 3478 554 3537 ullis
570 3477 733 3537 mortalium
748 3477 915 3551 ignominiis
930 3476 1092 3537 obscurior:
1117 3477 1168 3536 sed
1186 3482 1282 3536 tamen
1298 3477 1341 3535 ita
1356 3476 1453 3536 uisum

313 3583 358 3642 est
380 3583 494 3641 aeterno
515 3581 596 3640 illius
618 3581 772 3654 diuinoque
793 3580 923 3650 consilio,
950 3582 983 3639 ut
997 3597 1078 3639 suam
1094 3580 1252 3639 bonitatem
1280 3579 1454 3653 sapientiam

312 3700 347 3741 ac
361 3684 518 3756 potentiam
533 3684 610 3757 apud
625 3684 756 3742 homiues
771 3700 822 3756 per
836 3682 965 3743 homiues
977 3682 1051 3742 uelit
1063 3683 1212 3753 illustrari,
1229 3683 1305 3742 sicut
1316 3683 1456 3741 mundum

312 3784 467 3859 gubernari
495 3785 588 3843 uoluit
613 3801 665 3858 per
681 3785 809 3858 angelos,
837 3801 900 3843 cum
921 3783 1088 3858 angelorum
1110 3783 1270 3843 ministerio
1286 3800 1342 3842 non
1359 3786 1454 3857 egeat,

313 3887 459 3961 multaque
474 3888 639 3948 hominibus
654 3907 706 3963 per
720 3889 852 3948 homiues
867 3888 1019 3962 largiatur,
1042 3904 1115 3962 quae
1130 3903 1181 3960 per
1196 3903 1228 3946 se
1244 3889 1314 3946 dare
1330 3888 1454 3960 poterat,

278 4011 304 4053 aa
313 3990 363 4064 qui
389 3991 526 4063 quidquid
553 3989 619 4048 uult
639 3994 711 4048 nutu
732 3992 829 4063 potest
853 3992 883 4048 et
904 3989 950 4048 cui
965 3990 1091 4049 uoluisse
1107 3989 1211 4049 iecisse
1226 3993 1281 4048 est.
1305 3991 1335 4047 et
1349 4005 1454 4062 quam-

313 4110 399 4167 quam
421 4097 452 4151 ut
474 4093 533 4150 dixi
557 4093 595 4152 ad
616 4093 697 4152 illam
722 4091 897 4151 ineffabilem
913 4091 1093 4151 maiestatem
1115 4092 1195 4150 nulla
1210 4091 1352 4165 pertingit
1366 4090 1451 4164 iguo·

314 4195 414 4266 minia,
437 4199 532 4254 tamen
552 4195 582 4254 iu
607 4194 761 4268 scripturis
776 4195 819 4253 itu
833 4194 972 4268 loquitur,
1000 4194 1083 4268 quasi
1099 4211 1150 4267 per
1165 4211 1217 4253 nos
1232 4194 1389 4253 honoretur
1404 4193 1452 4252 uel
